3066 4826
275 359 409 420 aanor,
425 363 489 407 t-³
664 393 751 406 -.
794 359 836 420 96
879 393 965 406 ..-

272 548 381 609 lictum
410 566 612 628 quocumque
633 547 725 608 modo
747 548 850 627 patria
870 557 1024 628 potestate
1051 545 1184 607 liberato
1206 543 1356 608 debetur.

218 637 254 696 13
273 634 382 714 Rogati
398 634 535 694 inuicem
556 632 637 710 sibi,
655 633 682 694 si
697 634 768 694 sine
782 633 894 694 liberis
912 633 1128 709 decesserint,
1147 631 1357 694 hereditatem

274 721 458 796 restituere,
489 720 589 780 altero
611 718 786 780 decedente
808 719 877 780 sine
900 719 1011 780 liberis
1036 717 1199 780 hereditas
1220 717 1262 778 ad
1284 737 1357 779 eum

273 807 420 885 peruenit
439 805 495 884 qni
511 807 705 885 superuixit:
723 823 784 867 nec
800 824 841 865 ex
855 824 893 866 eo
907 806 1022 885 pacisci
1038 814 1147 866 contra
1161 805 1357 866 uoluntatem

220 895 254 953 tt
273 893 433 954 testatoris
446 901 589 971 pomunt.
637 892 736 954 Heres
750 902 824 952 ante
845 889 963 953 aditam
985 889 1212 964 hereditatem,
1237 890 1391 971 legata-s

274 979 340 1038 rius
361 987 532 1056 antequam
559 977 697 1056 legatum
719 978 871 1057 accipiat,
897 976 1173 1038 fideicommissum
1196 986 1358 1056 praestare

218 1065 254 1124 15
273 1082 336 1124 ιιοιι
351 1072 495 1143 possunt.
541 1063 618 1122 llem
634 1061 907 1124 fideieommissam
923 1063 949 1124 si
964 1063 1058 1124 heres
1073 1061 1256 1124 uendiderit
1271 1080 1359 1124 eam-

273 1167 336 1228 que
359 1150 464 1210 sciens
493 1150 700 1228 compararit,
731 1149 831 1208 nihilo
853 1149 960 1210 minus
981 1150 1014 1209 in
1035 1149 1267 1228 possessionem
1287 1149 1358 1209 eius

217 1239 228 1296 1
237 1241 254 1296 fi
273 1233 580 1296 fideicommissarius
592 1236 671 1296 mitti
684 1236 754 1296 iure
769 1232 943 1296 desiderat.
968 1235 1121 1308 Quotiens
1132 1234 1254 1295 libertis
1265 1233 1360 1295 fidei·

273 1321 473 1382 commissum
484 1321 686 1400 relinquitur,
704 1319 745 1382 ad
757 1339 810 1382 eos
821 1319 1037 1382 tantummodo
1051 1321 1171 1400 placuit
1181 1319 1355 1399 pertinere,
1378 1331 1408 1374 11

272 1408 328 1486 qui
349 1407 536 1468 manumissi
558 1415 632 1468 sunt
653 1407 706 1467 uel
721 1407 777 1486 qui
793 1407 826 1467 in
842 1405 953 1468 eodem
973 1416 1162 1468 testamento
1176 1405 1357 1468 libertatem

101 1521 120 1546 a
220 1493 253 1554 tt
273 1494 355 1554 intra
382 1511 548 1554 numerum
577 1493 753 1573 legitimum
781 1494 941 1554 consecuti
963 1503 1049 1554 sunt.
1097 1492 1155 1554 Cui
1176 1491 1217 1553 ab
1238 1489 1357 1552 herede

274 1575 547 1640 fideicommissum
571 1597 633 1640 non
649 1587 846 1658 praestatur,
869 1596 933 1640 non
954 1579 1057 1640 solum
1072 1581 1105 1638 in
1127 1597 1178 1640 res
1193 1575 1358 1638 heredita-

218 1668 253 1725 18
273 1665 351 1742 rias,
376 1663 433 1725 sed
449 1674 482 1726 et
497 1665 529 1724 in
553 1665 698 1744 proprias
714 1663 841 1724 heredis
863 1663 1035 1726 inducitur.
1082 1665 1134 1725 lus
1155 1683 1248 1725 omne
1264 1661 1358 1723 fidei-

219 1755 253 1812 19
272 1751 428 1811 commissi
443 1769 507 1812 non
523 1751 555 1810 in
570 1749 797 1827 uindicatione,
814 1749 920 1812 sedin
935 1751 1088 1828 petitione
1108 1750 1262 1810 consistit.
1286 1747 1356 1808 *Fi-
1377 1759 1406 1803 ts

271 1834 544 1897 *deicommissum
572 1836 718 1896 relictum
737 1846 771 1906 ct
792 1834 879 1916 apud
904 1855 977 1898 eum
998 1839 1049 1897 cui
1071 1836 1216 1896 relictum
1242 1844 1291 1896 est
1316 1853 1357 1896 ex

272 1921 384 1984 'causa
404 1921 558 1984 lucratiua
579 1923 746 1983 inuentum
771 1922 912 1999 extingui
933 1922 1068 2002 placuit,
1100 1922 1163 1982 nisi
1186 1919 1357 1982 defunctus

212 2013 252 2071 90
271 2007 537 2069 *aestimationem
560 2026 687 2088 quoque
703 2009 773 2070 eius
787 2009 941 2088 praestari
963 2008 1075 2070 uoluit.
1120 2007 1282 2068 Columnis
1302 2024 1357 2067 ae-

273 2091 377 2154 *dium
398 2094 451 2154 uel
466 2095 564 2173 tignis
585 2113 644 2173 per
660 2091 936 2155 fideicommissum
953 2095 1071 2156 relictis
1086 2113 1122 2155 ea
1139 2091 1355 2154 tantummodo

271 2178 503 2258 *amplissimus
524 2179 600 2240 ordo
622 2180 776 2259 praestari
799 2180 900 2240 noluit
921 2180 1009 2241 nulla
1031 2179 1259 2242 aestimationis
1275 2177 1354 2239 faeta
1374 2187 1406 2232 ao

271 2263 460 2344 *mentione
480 2284 561 2344 quae
577 2267 646 2326 sine
661 2264 773 2328 domus
786 2266 903 2326 iniuria
918 2264 1036 2327 auferri
1052 2263 1217 2346 possunt*

477 2451 509 2531 [n
554 2470 591 2512 nn
613 2472 739 2515 sustris
762 2472 915 2514 eonsnro
938 2451 1145 2533 τηιιιιιιιιο]

357 2572 493 2633 Senatus
513 2573 655 2634 consulto
678 2571 873 2644 Trebelliano
894 2583 1094 2653 prospectum
1116 2581 1181 2649 est,
1205 2589 1247 2632 ne
1270 2571 1355 2632 solus

271 2659 363 2719 heres
378 2657 524 2719 omnihus
539 2657 740 2720 hereditariis
756 2659 932 2720 actionibus
947 2667 1108 2720 oneretur.
1139 2667 1171 2718 et
1186 2657 1258 2718 ideo
1274 2675 1355 2737 quo-

271 2745 353 2805 tiens
379 2743 541 2806 hereditas
562 2763 716 2806 excausa
740 2745 973 2806 fideicommissi
994 2745 1188 2822 restituitur,
1214 2744 1354 2804 actiones
1373 2754 1406 2799 25

271 2832 340 2891 eius
351 2832 384 2891 in
397 2829 719 2892 fideicommissarium
731 2831 976 2909 transferuntur,
991 2833 1066 2910 quia
1077 2830 1252 2909 unicuique
1264 2829 1355 2891 dnm-

270 2935 377 2977 nosam
394 2935 462 2977 esse
479 2915 573 2977 fidem
590 2935 678 2977 suam
694 2936 756 2977 non
772 2926 906 2997 oportet.

492 3103 535 3184 [ιιι
578 3123 615 3165 nn
638 3123 762 3166 senatvs
786 3123 938 3166 cousinio
961 3103 1130 3184 rsotsnoo]

236 3230 245 3286 1
356 3225 442 3286 Inter
461 3224 614 3288 heredem
635 3235 667 3286 et
690 3223 1031 3302 fideicommissariam,
1055 3225 1107 3284 eui
1128 3242 1168 3284 ex
1184 3224 1354 3302 Pegasiano

270 3310 430 3374 hereditas
447 3312 642 3389 restituitur,
661 3313 760 3391 partis
775 3321 807 3372 et
822 3328 879 3389 pro
894 3319 984 3390 parte
999 3309 1161 3390 stipulatio
1176 3309 1354 3388 interponi·
1372 3320 1406 3364 ao

269 3407 338 3474 tur,
357 3407 392 3458 ut
414 3397 523 3459 heredi
539 3398 682 3474 instituto
697 3415 753 3477 pro
768 3406 880 3476 quarta
895 3396 1050 3472 actioneS,
1068 3414 1125 3474 pro
1140 3395 1255 3456 ceteris
1276 3414 1353 3456 nero

232 3486 250 3544 ‘2
268 3481 466 3562 portionibus
482 3482 771 3545 fideicommissario
785 3490 974 3562 competent.
1021 3483 1127 3542 Totam
1142 3479 1353 3543 hereditatem

271 3570 436 3630 restituere
448 3577 575 3647 rogatus
586 3570 612 3628 si
625 3578 769 3648 quartam
780 3569 919 3629 retinere
931 3568 1019 3646 nolit,
1038 3567 1138 3646 magis
1153 3575 1213 3643 est,
1231 3575 1267 3627 nt
1282 3584 1352 3627 eam

270 3673 309 3714 ex
325 3653 521 3715 Trebelliano
541 3653 654 3716 debeat
676 3656 862 3715 restituere:
889 3663 965 3714 tnnc
988 3654 1072 3714 enim
1088 3671 1196 3713 omnes
1210 3653 1352 3714 actiones

269 3824 695 3839 tvvvvvwkuvkuwvvvvuvvvvu
700 3824 1017 3838 ttvuvntaauvvuvvvuvvuv
1023 3821 1299 3837 UUVWWVVVVWVVVV!
1308 3819 1349 3833 W

340 3913 364 3969 ι,
380 3913 420 3959 to.
435 3913 467 3958 ιι
482 3929 513 3952 =
530 3909 587 3972 nto.
604 3914 645 3970 aa,
660 3913 702 3969 ιι,
719 3913 773 3960 ιι

270 4041 1350 4059 xwvvvvvvslvvmsllvvvvvvvanwvvttvvawvwwvvwkuuwuvwvvvvwmnmxvx

338 4170 369 4212 tt
391 4165 626 4223 restituiturdett.,
646 4166 803 4213 restituetur
816 4164 863 4213 Mt
893 4163 904 4226 ΙΙ
934 4166 967 4211 tt
985 4164 1044 4212 eius
1057 4165 1092 4223 11,
1112 4165 1172 4214 eius
1183 4163 1272 4214 nonl.
