3066 4826
316 346 520 405 cauernae
704 379 792 392 -
833 345 876 407 98
918 379 1006 392 -

314 537 459 618 portione
474 543 662 596 consecutus
675 535 728 611 sit,
744 543 782 596 nt
795 543 912 612 quarto
925 533 1018 595 sibia
1031 533 1243 596 coheredibus
1254 535 1332 597 citra
1346 538 1397 596 in·
1424 594 1433 609 .

279 621 299 680 8
315 622 446 684 officiosi
467 621 641 700 querellam
661 621 848 700 impleatur,
879 621 950 682 iure
969 620 1140 682 desiderat.
1187 622 1288 681 Paetio
1310 623 1393 697 talis,

316 728 357 770 ne
372 707 414 768 de
428 705 596 768 inofficioso
611 715 798 768 testamento
811 705 953 784 dicatur,
978 707 1152 786 querellam
1166 726 1265 786 super
1278 707 1396 768 iudicio

315 795 453 856 loturam
467 811 531 854 non
552 793 713 855 excludet:
738 793 862 853 meritis
886 793 973 853 enim
986 791 1106 853 liberos
1128 811 1224 872 quam
1240 795 1396 873 pactioni-

278 879 377 943 9bus
397 878 551 959 adstringi
571 879 700 958 placuit.
753 879 889 958 Rogatus
910 877 1119 940 hereditatem
1142 880 1311 940 restituere
1336 882 1424 940 etsie

316 965 480 1028 inofliciosi
495 965 670 1044 querellam
682 965 864 1042 instituerit,
883 963 1123 1026 fideicommisso
1137 983 1201 1026 non
1213 965 1249 1026 fit
1259 966 1390 1026 iniuria:

315 1061 460 1133 quartam
473 1051 560 1113 enim
575 1049 768 1112 solummodo
783 1049 970 1111 hereditatis
984 1052 1113 1128 amittit,
1132 1050 1396 1134 quambeneficio

258 1136 296 1194 to
314 1147 444 1200 senatus
465 1137 602 1198 consulti
619 1135 738 1198 habere
758 1137 924 1215 potuisset.
970 1138 1069 1198 fleres
1090 1138 1253 1198 institutus
1275 1137 1397 1198 babens

314 1223 522 1286 substitutum
536 1224 563 1284 si
579 1223 619 1284 de
635 1221 805 1284 inofficioso
820 1220 938 1282 dixerit
951 1241 1012 1283 nec
1024 1221 1209 1300 obtinuerit,
1227 1242 1291 1284 non
1306 1223 1340 1285 id
1356 1223 1396 1285 ad

316 1311 436 1388 fiscum,
454 1307 513 1372 sed
527 1307 569 1370 ad
583 1308 788 1376 substitutum
804 1307 989 1389 pertinebit.
1414 1321 1440 1365 44

713 1493 754 1580 [rr
795 1515 833 1558 nr
855 1496 998 1578 morsm]

280 1615 292 1673 l
401 1616 539 1678 Tabulae
561 1617 742 1676 testamenti
763 1617 952 1696 aperiuntur
965 1617 1024 1677 boc
1039 1616 1146 1695 modo,
1172 1628 1208 1679 ut
1222 1627 1321 1678 testes
1343 1618 1397 1679 uel
1510 1609 1511 1686 l

316 1705 452 1766 maxima
472 1720 547 1783 pars
567 1721 676 1762 eorum
697 1701 901 1780 adhibeatur,
927 1703 983 1782 qui
1005 1704 1202 1782 signauerint
1223 1713 1398 1765 testamen·
1510 1695 1511 1704 ¹

315 1799 398 1852 tum:
423 1790 466 1850 ita
480 1797 517 1850 ut
530 1788 645 1868 agnitis
659 1788 760 1868 signis
775 1799 869 1868 rupto
883 1789 947 1850 lino
961 1790 1122 1868 aperiatur
1136 1801 1168 1850 et
1182 1791 1335 1850 recitetur
1349 1799 1398 1850 at-

315 1895 379 1956 que
405 1876 450 1937 ita
475 1872 679 1935 describendi
700 1875 839 1954 exempli
861 1875 916 1934 liat
941 1884 1081 1954 potestas
1106 1893 1144 1936 ae
1168 1874 1286 1937 deinde
1307 1878 1397 1954 signo
1414 1887 1442 1932 ⁴5

314 1961 442 2042 publico
453 1960 651 2039 obsignatum
662 1961 696 2020 in
707 1959 1051 2040 arcbiuumredigatur‚
1061 1971 1108 2040 ut,
1117 1962 1145 2022 si
1153 1960 1398 2041 quandoexem-

277 2045 297 2104 2
315 2049 403 2127 plum
419 2047 489 2107 eius
504 2043 717 2124 interciderit,
735 2048 792 2124 sit,
809 2045 896 2107 unde
911 2048 978 2125 peti
993 2049 1103 2126 possit.
1149 2049 1349 2109 Testamenta
1365 2049 1396 2108 in

316 2133 500 2211 municipiis
513 2131 641 2216 coloniis
656 2131 782 2212 oppidis
802 2130 1003 2211 praefectura
1016 2135 1088 2194 uico
1108 2133 1234 2194 castello
1248 2135 1398 2195 concilia-

315 2218 390 2280 bulo
405 2216 486 2278 lacta
501 2218 534 2278 in
548 2216 612 2278 loro
627 2219 681 2278 uel
694 2217 824 2280 basilica
835 2218 1058 2297 praesentibus
1068 2219 1204 2280 testibus
1214 2219 1269 2280 uel
1280 2219 1398 2280 hones·
1510 2287 1511 2298 2

316 2305 357 2365 tis
371 2305 452 2366 uiris
466 2305 551 2363 inter
565 2303 674 2363 boram
690 2303 863 2366 secundam
879 2313 910 2364 et
928 2303 1083 2365 decimam
1098 2303 1163 2366 diei
1180 2306 1302 2386 operiri
1315 2306 1397 2366 reci-
1415 2317 1441 2360 24
1510 2299 1511 2376 l

315 2390 440 2469 tarique
455 2387 631 2467 debebunt,
648 2389 857 2470 exemploque
873 2387 996 2450 sublato
1011 2389 1052 2450 ab
1067 2389 1168 2452 isdem
1187 2409 1297 2452 rursus
1319 2389 1398 2471 [ma-
1510 2385 1511 2464 ἶ

316 2472 512 2558 gistratibus]
537 2473 713 2553 obsignari,
740 2493 875 2556 quorum
896 2477 1075 2554 praesentia
1094 2485 1215 2538 constat
1237 2488 1394 2556 apertum.
1510 2471 1511 2546 ζ

265 2557 299 2618 2⁵
314 2559 397 2634 *Qui
409 2561 501 2622 aliter
513 2570 568 2622 aut
582 2559 670 2638 alibi,
687 2579 782 2640 quam
797 2560 853 2622 ubi
867 2562 938 2642 lege
952 2563 1154 2642 praecipitur,
1173 2570 1398 2624 testamentum
1510 2555 1511 2632 J

315 2646 496 2727 *aperuerit
510 2647 749 2725 recitaueritue‚
767 2665 868 2728 poena
883 2649 1100 2709 sestertiorum
1117 2649 1258 2728 quinque
1274 2649 1397 2710 milium
1510 2661 1511 2714 4

278 2731 494 2795 3*tenetur.*
536 2733 771 2794 Testamentum
793 2733 846 2794 lex
866 2735 972 2794 statim
993 2743 1065 2814 post
1084 2744 1218 2795 mortem
1239 2737 1398 2796 testatoris
1414 2747 1444 2791 ts
1510 2729 1511 2780 l

316 2819 436 2902 aperiri
450 2819 563 2880 uoluit.
599 2827 630 2879 et
645 2818 734 2896 ideo,
752 2819 898 2897 quamuis
914 2821 955 2880 sit
971 2821 1133 2900 rescriptis
1147 2821 1323 2900 uariatum,
1349 2833 1399 2882 ta-

316 2923 429 2976 mena
455 2903 678 2986 praesentibus
701 2905 784 2966 intra
806 2903 949 2966 triduum
970 2905 1024 2967 uel
1052 2908 1195 2986 quinque
1223 2905 1293 2968 dies
1320 2926 1399 2987 ape-

316 2989 446 3052 riendae
462 2999 537 3053 sunt
550 2989 696 3052 tabulae:
723 2989 760 3051 ab
781 2989 966 3052 absentibus
987 3010 1114 3072 quoque
1135 2993 1216 3052 intra
1238 3011 1292 3053 eos
1315 2991 1396 3070 dies,

317 3097 388 3140 cum
404 3077 669 3156 superuenerint:
695 3095 756 3136 nec
770 3077 855 3137 enim
870 3085 993 3157 oportet
1015 3086 1079 3138 tom
1101 3077 1273 3140 heredibus
1297 3087 1329 3139 et
1351 3079 1400 3138 le-

316 3163 444 3242 gatariis
472 3171 527 3226 aut
553 3161 756 3224 libertatibus
784 3181 879 3241 quam
901 3165 1078 3224 necessario
1099 3164 1248 3244 uectigali
1279 3183 1398 3226 moram
1417 3175 1445 3220 30
1510 3227 1511 3238 χ

303 3247 396 3310 lieri.
1510 3259 1511 3270 ¹

317 3418 368 3430 ΛΑΝ

385 3507 410 3565 6,
424 3505 454 3550 24
466 3522 498 3545 =
511 3506 585 3552 cetat
596 3503 623 3551 to
635 3502 658 3552 Ε
670 3506 694 3552 ot
707 3502 861 3552 Rosombioo

322 3639 367 3652 W

386 3742 543 3804 tquartem
556 3741 604 3790 Mt
641 3740 653 3804 ll
692 3741 849 3791 tconsulto
862 3742 910 3791 Mt
948 3741 959 3804 11
999 3745 1029 3792 tt
1049 3744 1133 3806 signis
1145 3744 1217 3804 dett,
1238 3746 1345 3808 signitis
1359 3747 1395 3805 Μ,

316 3808 411 3872 sigillis
423 3809 512 3858 suist
552 3809 563 3872 ΙΙ
605 3813 635 3858 48
656 3809 872 3860 coloniacodioes
911 3809 922 3874 ΙΙ
964 3814 995 3860 2ο
1009 3813 1109 3876 aperiri
1121 3825 1171 3862 om.
1186 3815 1293 3874 codices,
1308 3817 1395 3876 suppl.

316 3878 500 3928 Tittoi-storius
540 3877 551 3941 11
593 3881 620 3926 24
642 3877 918 3940 magistratibusdel.‚
935 3879 967 3942 cf.
984 3879 1044 3944 Dio.
1059 3884 1101 3942 et,
1116 3883 1169 3942 3,7
1217 3881 1228 3944 ΙΙ
1275 3887 1306 3932 22
1327 3898 1397 3948 quo-

315 3945 451 4007 rumsqq.l
466 3946 819 4010 expectosforoinquorum
830 3949 1088 4012 praesentiaaperta
1101 3951 1163 3999 sunt
1193 3949 1203 4014 ΙΙ
1234 3953 1264 3998 23
1279 3953 1398 4015 qualiter

316 4015 413 4064 codices
449 4013 460 4078 ΙΙ
501 4015 586 4076 legem
597 4016 748 4078 percipitur
760 4015 818 4064 lior.
859 4015 869 4078 ΙΙ
908 4018 1127 4068 traconem.
1168 4017 1179 4081 n
1218 4021 1360 4083 poenaell
1387 4017 1397 4086 ΙΙ

316 4085 348 4130 25
366 4083 490 4132 teneatur
502 4083 559 4132 1404.
608 4081 619 4145 ΙΙ
665 4087 697 4132 28
715 4083 813 4134 ahorn.
828 4085 876 4134 Mt
923 4085 934 4148 ΙΙ
981 4089 1013 4134 29
1032 4089 1087 4136 tam
1101 4087 1293 4148 Ritterstostos,
1311 4091 1395 4140 testa-

315 4152 437 4200 menlum
447 4153 545 4201 codices
