3060 4828
300 332 358 398 le.
374 335 428 384 6.7
690 367 776 378 ...-
822 332 861 394 12
905 366 987 380 ..-

298 539 402 582 mores
419 529 474 582 aut
487 530 618 601 propter
636 521 796 601 impensas
810 529 866 582 aut
880 510 1010 600 proptel'
1024 539 1076 582 res
1090 519 1221 582 donatas
1235 529 1290 582 aut
1305 538 1382 600 pro·

242 611 278 670 to
298 617 370 686 pter
392 625 444 668 res
465 615 595 668 amotas.
634 607 764 686 Propter
786 605 904 669 liberos
925 606 1058 668 retentio
1081 605 1130 683 fit,
1156 607 1183 666 si
1199 606 1292 685 culpa
1308 624 1383 668 mu·

298 692 384 754 lieris
406 700 461 754 aut
483 693 583 772 patris
604 693 694 755 ouius
716 693 750 754 in
764 701 917 772 potestate
934 702 982 754 est
996 690 1167 753 diuortium
1184 691 1300 754 laetum
1317 692 1378 752 sit:

297 788 375 839 tuno
403 777 489 840 enim
512 778 707 858 singulorum
729 777 901 840 liberorum
925 778 1051 840 nomine
1073 787 1180 840 sextae
1202 778 1383 840 retinentur

297 881 337 924 ex
352 862 442 942 dote,
466 882 530 925 non
551 864 661 944 plures
680 874 787 926 tamen
809 881 904 943 quam
919 873 995 924 tres.
1029 872 1136 926 sextae
1152 865 1185 924 in
1201 863 1382 926 retentione
1403 863 1436 926 e'

240 955 272 1014 ll
297 959 382 1027 sunt,
401 968 465 1010 non
481 950 514 1010 in
529 951 694 1030 petitione.
733 951 811 1028 Dos,
830 968 910 1029 quae
925 949 1025 1011 semel
1039 948 1145 1010 functa
1160 959 1225 1027 εει,
1243 948 1383 1029 amplius

297 1033 386 1114 iungi
401 1053 464 1096 non
480 1045 592 1114 potest,
612 1036 673 1098 nisi
688 1035 774 1112 aliud
788 1036 1020 1098 matrimonium
1037 1035 1089 1096 sit.

240 1127 278 1188 te
383 1123 501 1182 llorum
522 1123 649 1183 nomine
670 1123 851 1202 grauiorum
873 1119 1001 1200 quidem
1023 1129 1114 1180 sexta
1136 1121 1306 1196 retinetur,
1332 1119 1382 1180 le-

297 1207 421 1268 uiorum
444 1215 550 1268 autem
572 1217 692 1269 ootaua.
733 1209 892 1286 grauiores
915 1225 1017 1266 mores
1040 1215 1113 1268 sunt
1133 1204 1292 1267 adulterio
1309 1216 1384 1265 tan-

239 1298 276 1358 ⁴3
296 1301 379 1369 tum,
406 1292 542 1353 leuiores
564 1312 673 1354 omnes
694 1293 820 1372 reliqui.
860 1294 957 1354 Mariti
980 1310 1084 1352 mores
1099 1293 1279 1372 puniuntur
1293 1292 1327 1350 in
1343 1309 1383 1351 ea
1405 1306 1435 1350 to

262 1445 264 1450 ,
296 1376 427 1458 quidem
443 1377 533 1455 dote,
551 1397 634 1460 quae
649 1398 666 1440 a
683 1369 734 1439 die
751 1377 843 1446 reddi
859 1376 969 1454 debet,
995 1378 1037 1438 ita
1052 1384 1086 1438 ut
1100 1386 1230 1456 propter
1245 1378 1383 1438 maiores

296 1482 399 1524 mores
427 1473 628 1544 praesentem
657 1463 762 1526 dotem
792 1462 913 1540 reddat,
947 1473 1074 1543 propter
1104 1463 1240 1524 minores
1266 1481 1382 1524 senum

297 1568 443 1610 mensum
458 1549 522 1610 die.
563 1551 596 1610 in
613 1567 648 1611 ea
664 1559 787 1628 autem,
814 1568 895 1629 quae
910 1567 1063 1628 praesens
1079 1547 1169 1608 reddi
1185 1548 1279 1626 solet,
1307 1557 1383 1608 tan-

239 1701 241 1706 ,
295 1643 363 1695 tum
380 1654 421 1696 ex
436 1633 593 1696 fructibus
609 1635 740 1696 iubetur
755 1635 901 1714 reddere,
923 1645 1075 1714 quantum
1092 1636 1125 1694 in
1142 1635 1194 1694 illa
1210 1633 1283 1696 dote
1300 1651 1382 1714 quae

295 1721 432 1782 triennio
447 1719 593 1782 redditur
608 1721 850 1801 repraesentatio
866 1719 949 1781 lacit.
1403 1735 1435 1780 ts

237 1813 275 1874 ιι
381 1809 599 1886 impensarum
615 1807 738 1886 speeies
753 1815 828 1867 sunt
842 1816 923 1866 tres:
942 1815 997 1867 aut
1012 1806 1095 1866 enim
1111 1805 1311 1868 necessariae
1329 1806 1383 1867 di-

237 1897 275 1957 t5
295 1900 412 1952 cuntur
431 1902 485 1952 aut
508 1892 603 1952 utiles
625 1901 680 1952 aut
693 1892 911 1972 uoluptuosae.
947 1892 1147 1952 Necessariae
1163 1901 1237 1952 sunt
1254 1892 1382 1972 impen-

295 1994 365 2054 sae,
392 1976 511 2058 quibns
533 1996 596 2037 non
616 1977 707 2038 lactis
722 1976 778 2038 dos
793 1977 930 2040 deterior
945 1975 1051 2038 lutura
1066 1986 1132 2051 εει,
1156 1977 1247 2037 uelut
1262 1979 1290 2038 si
1306 1981 1380 2057 quis

237 2069 275 2128 ιθ
294 2063 439 2123 ruinosas
453 2062 549 2123 aedes
564 2061 720 2123 refecerit.
757 2063 855 2124 Vtiles
871 2072 962 2140 sunt,
987 2061 1104 2142 quibus
1119 2079 1180 2121 non
1198 2061 1287 2123 lactis
1297 2057 1381 2143 'qui-

294 2146 367 2208 dem
382 2147 521 2208 deterior
536 2148 592 2209 dos
608 2167 670 2208 non
686 2147 796 2228 luerit,
822 2148 911 2210 lactis
931 2157 1035 2208 autem
1057 2146 1246 2207 fructuosior
1265 2149 1380 2212 effecta
1403 2165 1435 2209 to

236 2238 275 2298 ll
294 2241 359 2310 cst,
392 2233 492 2294 ueluti
514 2236 540 2294 si
563 2234 669 2294 uineta
693 2242 725 2294 ει
747 2235 861 2295 oliueta
883 2233 1005 2294 lecerit.
1050 2232 1259 2312 voluptuosae
1288 2245 1377 2316 sunt,

293 2317 409 2398 quibus
432 2337 536 2398 neque
559 2321 683 2380 omissis
705 2318 844 2382 deterior
866 2317 921 2380 dos
945 2318 1033 2378 lieret
1054 2335 1160 2398 neque
1183 2317 1272 2380 laetis
1291 2320 1380 2382 lruc-

293 2405 409 2465 tuosior
431 2405 541 2466 effecta
561 2415 624 2467 est:
651 2405 733 2484 quod
755 2406 863 2466 euenit
886 2405 918 2464 in
940 2402 1113 2465 uiridiariis
1136 2413 1168 2464 et
1182 2405 1317 2484 picturis
1333 2409 1381 2468 si-

294 2489 488 2570 milibusque
504 2490 611 2552 rebus.

402 2677 454 2759 [vll
497 2698 535 2740 ΒΕ
557 2698 623 2740 ivan
644 2698 839 2742 nortmortvu
862 2695 948 2738 lttrun
971 2695 1058 2738 vtuvtt
1080 2696 1116 2738 ΕΤ
1138 2678 1266 2759 vxoulttt]
1401 2697 1434 2742 25

257 2805 268 2863 l
379 2799 465 2859 Inter
486 2800 592 2861 uirum
614 2809 644 2860 et
664 2817 795 2861 uxorem
818 2796 942 2858 donatio
963 2814 1024 2856 non
1046 2797 1131 2858 ualet
1150 2799 1210 2858 nisi
1225 2801 1320 2860 certis
1336 2819 1379 2862 ex

292 2885 412 2963 causis,
437 2884 470 2945 id
487 2896 534 2947 εει
548 2887 659 2946 mortis
674 2902 784 2962 eausa,
810 2882 939 2944 diuortii
957 2899 1067 2960 causa,
1094 2883 1180 2943 serui
1203 2887 1380 2947 manumit-

292 2970 381 3030 tendi
397 2972 506 3050 gratia.
539 2971 597 3031 hoc
612 2971 747 3050 amplius
762 2967 991 3048 principalibus
1006 2968 1284 3031 constitutionibus
1300 2990 1380 3033 oon-

293 3075 416 3118 cessum
432 3067 480 3117 est
494 3057 620 3118 mulieri
637 3058 668 3116 in
685 3057 742 3115 hoc
757 3054 873 3115 donare
889 3055 958 3114 uiro
974 3072 1046 3131 suo,
1072 3063 1108 3114 ut
1130 3053 1157 3113 is
1179 3053 1220 3114 ab
1236 3055 1381 3136 impera-

292 3150 359 3202 tore
375 3142 436 3202 lato
452 3143 540 3202 clauo
555 3142 607 3203 uel
624 3161 705 3221 equo
721 3139 849 3220 publico
864 3139 999 3201 similiue
1016 3138 1131 3198 honore
1147 3139 1330 3203 honoretur.
1403 3159 1435 3206 at

255 3234 273 3292 2
379 3229 412 3288 Si
434 3227 566 3288 maritus
588 3227 717 3289 diuortii
738 3245 830 3286 causa
853 3243 904 3286 res
926 3224 1097 3299 amouerit,
1124 3241 1230 3284 rerum
1247 3245 1380 3309 quoque

291 3325 463 3374 amotarum
479 3315 599 3373 actione
615 3312 784 3374 tenebitur.

254 3406 271 3462 :l
378 3400 411 3460 Si
433 3399 565 3459 maritus
587 3417 643 3477 pro
666 3397 807 3459 muliere·
820 3414 854 3456 se
876 3393 1062 3473 obligauerit
1083 3394 1136 3454 uel
1159 3395 1192 3454 in
1214 3415 1283 3458 rem
1306 3401 1379 3462 cius

289 3546 1265 3567 ,ΛΛΛΛΛΛΛΛΛΛΛΛΛΑΛΑΛΛΛΜἉᾺΛΛΛΑΛΛ-υυνννυν·μινεπψΜΛΛΛΛΛΛΛΛΛΛΛΛΛΛΛ«μμ
1286 3554 1315 3564 nrx
1340 3555 1346 3562 ι

360 3659 374 3703 t
393 3654 444 3705 dos
462 3653 528 3716 spe]
554 3655 617 3702 boec
634 3655 715 3704 uerbo
732 3653 793 3714 quid
810 3651 858 3700 ribo·
875 3650 956 3699 uelint
973 3653 998 3698 at
1015 3649 1138 3710 quomodo
1155 3664 1214 3700 cum
1230 3659 1379 3718 retentione

286 3728 396 3785 propter
415 3724 508 3773 liberos
529 3735 649 3772 emmetra
669 3723 835 3776 cohaeream,
859 3731 910 3767 nott
930 3717 1088 3779 inteltepttur
1121 3715 1131 3781 Η
1167 3720 1286 3772 talium
1313 3725 1333 3775 c
1369 3723 1381 3794 u

290 3795 304 3841 8
324 3795 398 3844 sexta
411 3792 544 3841 retinetur
559 3791 689 3850 Cutoctas,
704 3792 777 3840 sexte
790 3788 940 3837 retinentur
955 3783 974 3834 C
1006 3781 1017 3849 ΙΙ
1051 3789 1066 3834 ι
1086 3788 1221 3849 grauioris
1233 3805 1267 3838 *a
1284 3793 1336 3851 (uel
1349 3803 1376 3857 a)

290 3861 373 3910 moris
389 3859 422 3910 θ’
456 3859 466 3925 ΙΙ
500 3859 633 3910 adulterio
656 3859 684 3918 C,
703 3856 867 3908 adulterium
885 3853 1013 3916 Boeotiae
1046 3848 1056 3920 ΙΙ
1093 3858 1118 3902 ιι
1142 3855 1167 3918 a]
1188 3871 1279 3909 annua
1299 3861 1379 3914 bima

290 3930 369 3978 trima
385 3928 506 3979 Celerius
534 3925 543 3992 ΙΙ
571 3926 700 3978 macac
726 3923 736 3991 ΙΙ
767 3927 797 3972 tt
816 3937 885 3986 quae
897 3922 1014 3972 triennio
1027 3921 1109 3985 llupo,
1125 3925 1346 3986 quadriennioc
1369 3929 1381 4000 ΙΙ

291 4003 321 4048 ιιι
335 3998 547 4062 repraesentatio
564 3997 695 4054 detectus,
709 3992 862 4059 repensatio
878 3991 898 4041 G
913 3987 923 4054 ΙΙ
948 3993 979 4038 46
991 4003 1168 4054 repansorum
1182 3993 1201 4044 c
1217 3992 1228 4061 ll
1252 4001 1284 4046 ιι
1298 3998 1380 4050 fruc·

289 4067 377 4118 tiorC
404 4063 414 4133 ll
443 4071 475 4116 tt
495 4065 579 4130 quod]
597 4063 703 4128 quaeC
730 4059 740 4127 ΙΙ
769 4065 797 4111 at
819 4060 934 4109 maritus
950 4057 1245 4118 C,muliarMoaunseo
1273 4063 1283 4130 ΙΙ
1314 4081 1379 4119 mo.

289 4137 360 4184 uerit
375 4133 408 4186 Cb
426 4138 530 4198 (monus
543 4134 678 4192 seeundo),
692 4144 824 4181 moneas*
836 4129 878 4176 uel
890 4141 1039 4178 monaste*
1055 4127 1087 4178 C³
