3066 4826
561 381 648 396 ....
691 349 731 412 83
776 383 861 396 -.
1012 349 1087 399 Paul.
1099 349 1147 411 lll,
1162 352 1205 400 tu.
1223 351 1253 400 ts

164 535 207 601 ad
223 547 454 600 testamentum
475 537 610 600 adhibiti
630 557 694 600 non
716 547 842 601 nocent.
882 536 1043 618 superflua
1063 537 1147 598 enim
1170 537 1252 600 iaetu

104 624 139 683 ll
163 623 316 704 prodesse
339 625 401 685 iuri
416 632 556 703 tantum,
581 643 694 686 nocere
710 643 774 686 non
789 632 933 704 possunt.
974 624 1008 683 ln
1031 621 1167 684 aduersa
1182 642 1252 685 eor-

163 711 252 790 poris
271 709 457 772 ualetudine
479 719 585 772 mento
607 719 718 790 eaptus
733 709 843 772 eodem
864 718 1006 788 tempore
1028 717 1252 771 testamentum

104 796 144 854 lb
164 795 270 858 faeere
292 813 355 856 non
370 804 484 876 potest.
525 795 677 876 Prodigus
697 804 825 876 recepta
839 796 925 857 uitae
948 796 1080 856 sanitate
1096 793 1136 856 ad
1152 793 1251 857 bonos

163 900 269 943 mores
285 899 435 944 reuersus
451 891 483 942 et
497 891 721 944 testamentum
733 881 837 944 lacere
853 889 957 961 potest
972 878 1056 942 etad
1070 883 1251 942 testamenti
1271 893 1285 937 e

103 968 142 1026 l3
163 967 331 1030 sollemnia
345 965 491 1029 adhiberi
506 978 625 1048 potest.
649 967 697 1029 Ex
711 969 769 1046 bis,
790 967 846 1047 qui
861 965 902 1030 ad
917 975 1141 1028 testamentum
1158 966 1251 1029 adhi-

164 1052 299 1132 bentur,
325 1054 423 1133 siqui
446 1053 510 1114 sint
531 1054 586 1133 qui
603 1054 709 1116 Latine
730 1055 875 1130 nesciant
890 1053 943 1114 uel
965 1069 1028 1114 uon
1049 1053 1245 1132 intellegant,

163 1141 192 1200 si
207 1148 314 1200 tamen
331 1141 484 1217 sentiant,
511 1141 565 1200 oui
578 1140 625 1201 rei
648 1141 814 1218 intersint,
843 1137 977 1201 adhibiti
992 1138 1186 1214 nonuitiant
1201 1147 1251 1200 te-

104 1225 142 1284 ll
162 1233 368 1287 stamentum.
405 1223 683 1305 *Repetundarum
706 1225 873 1287 damnatus
888 1243 948 1286 nee
969 1223 1010 1286 ad
1025 1231 1249 1286 testamentum

103 1311 142 1369 45
161 1309 242 1372 *nec
262 1309 304 1372 ad
331 1311 544 1372 testimonium
565 1309 711 1375 adhiberi
738 1320 853 1392 potest.
903 1309 1186 1389 Hermaphroditus
1208 1329 1248 1372 an
1269 1321 1299 1366 ⁴⁰

159 1395 220 1459 *ad
243 1405 467 1458 testamentum
482 1395 629 1458 adhiberi
652 1398 768 1478 possit,
792 1397 927 1476 qualitas
943 1413 1038 1459 sexus
1055 1396 1250 1458 inoalesoen-

104 1483 143 1541 46
160 1479 223 1544 *tis
238 1482 387 1544 ostendit.
426 1483 575 1564 Singulos
590 1492 697 1562 testes,
718 1485 772 1562 qui
789 1483 821 1543 in
837 1491 1023 1544 testamento
1040 1480 1245 1562 adhibentur,

161 1568 310 1648 *proprio
333 1569 540 1649 chirographo
556 1568 707 1632 adnotare
730 1571 893 1647 conuenit,
912 1570 985 1649 quis
1001 1578 1032 1629 et
1047 1567 1137 1629 ouius
1152 1577 1250 1630 testa-

160 1653 324 1717 *mentum
339 1654 546 1735 signauerit*

424 1841 477 1924 [rvr
521 1842 576 1904 *nu
598 1861 802 1905 rnsrmvrrour
824 1841 989 1923 unaarum]
1268 1853 1299 1899 ts

125 1963 136 2019 l
252 1962 479 2024 Condicionum
501 1961 563 2024 duo
578 1971 653 2024 sunt
674 1981 809 2042 genera:
835 1971 890 2023 aut
912 1963 995 2022 enim
1011 1961 1172 2042 possibilis
1187 1972 1245 2041 est,

162 2059 219 2112 aut
234 2047 456 2129 impossibilis:
481 2047 651 2128 possibilis,
671 2067 752 2128 quae
766 2067 824 2128 per
838 2067 946 2109 rerum
962 2057 1107 2110 naturam
1125 2045 1247 2110 admitti

160 2143 284 2214 potest,
316 2133 540 2214 impossibilis,
565 2153 646 2215 quae
667 2153 731 2195 non
756 2143 873 2214 potest:
901 2151 1037 2214 quarum
1060 2153 1100 2194 ex
1128 2144 1247 2196 euentu

61 2255 63 2258 ·
123 2221 142 2280 2
161 2222 263 2282 altera
280 2229 483 2300 expectatur,
502 2221 602 2283 altera
621 2218 845 2301 [impossibilis]
872 2219 1090 2282 submouetur.
1131 2219 1248 2282 Condi-

160 2309 270 2368 ciones
285 2315 393 2368 eontra
409 2307 495 2386 leges
507 2317 538 2367 et
554 2305 682 2368 decreta
695 2306 875 2386 principum
891 2305 944 2367 uel
959 2304 1058 2368 bonos
1074 2325 1175 2368 mores
1189 2306 1248 2368 ad·
1266 2319 1296 2363 to

160 2395 299 2474 scriptae
321 2393 440 2454 nullius
460 2402 533 2455 sunt
548 2393 715 2454 momenti:
739 2392 840 2454 ueluti
863 2409 888 2452 sr
903 2410 1018 2454 vxonuu
1036 2411 1096 2454 nou
1111 2411 1243 2470 uvxaars,

160 2498 188 2540 sr
203 2496 302 2540 suros
317 2497 378 2540 rou
389 2496 568 2555 svscarsms,
587 2497 613 2538 sr
628 2497 806 2540 uourcmrvu
819 2496 944 2555 rasurus,
965 2497 1126 2540 armamur
1141 2498 1247 2540 arsur

121 2567 138 2625 3
159 2582 348 2626 raoerssnms
364 2573 395 2625 et
410 2564 460 2625 his
476 2564 601 2626 similia.
640 2564 791 2636 Quotiens
806 2582 869 2624 non
885 2573 1033 2644 apparet,
1060 2566 1115 2644 qui
1132 2566 1173 2625 sit
1189 2565 1247 2626 he-

159 2669 212 2712 res
236 2651 418 2728 institutuS,
446 2651 603 2712 institutio
618 2669 681 2710 non
695 2650 798 2712 ualet:
824 2649 910 2730 quod
927 2651 1052 2727 euenit,
1072 2651 1099 2711 si
1115 2659 1246 2712 testator

123 2737 272 2816 iplures
294 2737 408 2798 amieos
429 2737 527 2798 unius
548 2737 685 2796 nominis
707 2734 833 2798 babeat.
873 2734 1013 2797 Heredes
1033 2745 1087 2797 aut
1107 2737 1244 2797 instituti
1262 2746 1294 2792 tt

159 2832 215 2884 aut
237 2820 402 2884 substituti
417 2820 581 2900 dicuntur,
607 2822 746 2882 instituti
757 2822 859 2902 primo
875 2820 991 2901 gradu,
1010 2820 1177 2883 substituti
1193 2840 1245 2882 se-

121 2909 139 2967 5
159 2906 265 2968 eundo
281 2907 334 2968 uel
349 2907 442 2969 tertio
457 2908 580 2988 scripti.
607 2906 808 2969 substituere
824 2907 897 2987 quis
909 2916 941 2967 et
954 2926 1033 2986 pure
1050 2918 1082 2968 et
1092 2905 1153 2969 sub
1168 2925 1245 2967 eon-

159 2992 285 3055 dioione
308 3001 428 3073 potest,
454 3002 561 3056 ettam
584 2995 651 3054 suis
667 3011 762 3072 quam
781 2993 956 3071 extraneis,
981 3001 1044 3053 tam
1067 2991 1245 3072 puberibus

121 3082 139 3140 6
158 3097 256 3160 quam
272 3077 505 3159 impuberibus.
541 3080 576 3140 ln
591 3091 668 3158 quot
682 3079 753 3141 uult
766 3080 876 3140 unoias
890 3087 1020 3140 testator
1035 3077 1244 3140 hereditatem

157 3185 250 3228 suam
274 3163 419 3226 diuidere
445 3173 559 3246 potest.
605 3165 734 3245 impleto
755 3183 825 3227 asse
845 3165 915 3226 sine
931 3173 1022 3244 parte
1041 3164 1177 3227 heredes
1192 3166 1244 3225 in·
1263 3177 1294 3220 ³0

157 3252 261 3313 stituti
284 3249 323 3312 ad
339 3251 454 3331 prioris
469 3250 548 3314 assis
569 3252 734 3313 semissem
749 3251 859 3329 aequis
880 3249 1079 3330 portionibus
1094 3252 1239 3312 ueniunt.

229 3472 639 3534 tl‚⁴t.ta=br9.aa,e,⁴a
679 3472 690 3535 ιι
729 3473 1082 3536 tl‚re=usp.ta,t,ao
1121 3471 1132 3534 ιι
1171 3473 1241 3531 aas

155 3555 238 3604 usque
250 3542 285 3592 od
297 3555 323 3590 u.
338 3545 366 3590 at
383 3541 514 3591 momenti
528 3561 559 3584 =
576 3540 733 3592 Consultatio
747 3543 771 3603 t,
787 3545 801 3590 8

160 3658 1233 3676 AM‘AAtvvvvvvwmnmvvvmmwvmrwvwvwwwvwvvxmwwwvxmvww

226 3745 374 3808 stantum]
388 3745 541 3796 testamenti
555 3745 670 3809 Sariyap
699 3744 710 3807 ΙΙ
739 3758 838 3796 nocere
850 3757 904 3794 nou
917 3747 954 3804 Μ,
968 3746 1094 3795 nouerit
1124 3745 1135 3808 ΙΙ
1165 3746 1240 3795 seui

158 3817 311 3876 sichardus,
327 3815 405 3864 ouius
417 3815 516 3864 codices
556 3813 567 3876 ΙΙ
607 3813 720 3864 adhibiti
734 3815 764 3874 L,
783 3813 925 3864 adibitioni
938 3815 968 3863 M
1006 3815 1017 3876 ΙΙ
1059 3817 1090 3863 45
1108 3815 1241 3864 rubricam
1291 3818 1294 3824 '

156 3899 191 3934 ex
207 3883 322 3934 Censuit.
338 3885 363 3944 l,
377 3885 391 3931 8
404 3884 581 3944 supplevimus
621 3881 632 3945 ll
675 3885 705 3930 49
725 3881 903 3946 impossibilis
915 3883 964 3934 del.
983 3882 1104 3933 Calamus
1132 3882 1143 3945 11
1173 3895 1241 3932 oon·

156 3952 289 4016 diatones]
303 3955 384 4017 panta
395 3952 440 4001 uel
452 3951 533 4001 cond.
551 3950 626 4003 Coos.
666 3951 676 4014 ΙΙ
715 3955 747 3999 2⁰
767 3951 800 4014 et]
815 3951 860 4000 uel
876 3950 951 4000 Gaas.
982 3949 993 4014 ΙΙ
1023 3951 1238 4015 adscriptorum,

160 4023 237 4073 Coos.
274 4020 285 4083 ll
321 4024 351 4070 tt
372 4021 395 4071 si
408 4020 486 4084 laru]
501 4023 547 4070 aut
559 4020 628 4070 laru.
642 4021 740 4069 codices
775 4019 787 4082 ll
821 4023 852 4068 2³
871 4020 960 4082 quib,
975 4019 1207 4084 quidemquidll
1230 4017 1241 4085 ΙΙ

155 4095 188 4140 tt
208 4091 323 4140 instituti
335 4103 362 4154 p.
374 4103 401 4152 g.
417 4087 554 4140 substituti
567 4091 639 4147 dett,
659 4089 815 4138 instituatur
831 4101 859 4152 p.
873 4101 897 4150 g,
912 4088 1092 4139 substituetur
1104 4089 1141 4152 ll,
1161 4091 1242 4139 insti-

155 4161 241 4210 tuitur
252 4172 278 4223 p.
291 4172 316 4222 g.
331 4157 524 4208 substitubitur
536 4159 555 4207 L
590 4157 601 4220 ΙΙ
637 4160 664 4205 34
682 4157 750 4207 assis
763 4158 834 4217 dett,
848 4169 908 4208 asse
922 4157 970 4208 ut

995 4240 1033 4291 6*
