3066 4826
246 371 251 378 ι
274 336 349 388 Paul.
363 337 408 396 lV,
424 338 521 386 ra-tt
654 369 740 382 ---
785 335 846 397 106
889 367 976 380 ..-

274 523 454 588 libertatem
481 525 654 605 peruenire
675 525 790 602 possit,
822 522 1006 585 condicione
1037 521 1231 586 uenditionis
1253 525 1359 604 excipi

238 608 255 668 3
275 619 389 692 potest.
415 611 590 678 Tormentis
601 609 684 691 apud
697 608 876 690 praesidem
888 608 1052 671 subiectus
1067 608 1149 672 etde
1165 611 1252 672 nulla
1265 611 1357 691 culpa

239 695 440 758 lconlessus
461 695 502 758 ad
523 698 637 759 iustam
659 694 838 758 libertatem
860 695 991 776 perduci
1015 704 1128 775 potest.
1181 695 1358 758 Fideicom-

276 783 372 846 missa
391 782 522 844 libertas
542 781 615 844 data
639 781 719 842 facto
741 781 868 843 heredis
890 800 953 844 non
981 791 1139 859 mutatur,
1164 783 1192 843 si
1214 801 1356 861 seruum,

239 867 256 924 5
277 887 372 948 quem
387 871 611 930 manumittere
627 869 732 929 iussus
748 876 805 946 est,
824 869 976 930 minxerit.
1010 867 1215 930 Communem
1230 887 1359 931 seruum
1379 878 1394 924 a

275 974 360 1016 unus
375 973 415 1016 cx
430 955 522 1016 sociis
536 953 707 1016 uinciendo
729 953 854 1016 futurae
870 953 1008 1016 libertati
1024 973 1088 1015 non
1103 953 1248 1016 nocebit:
1274 957 1361 1016 inter

239 1045 243 1054 '
275 1059 368 1120 pares
384 1041 470 1102 enim
481 1041 639 1102 sententia
651 1041 834 1102 clementior
844 1041 997 1102 seueriori
1009 1037 1205 1119 praefertur:
1226 1049 1360 1104 atcerte

276 1128 430 1188 humanae
451 1126 579 1187 rationis
596 1134 644 1188 est
666 1124 773 1188 fauere
788 1124 1018 1204 miserioribus,
1048 1144 1143 1206 prope
1158 1135 1190 1188 et
1205 1127 1361 1188 innocen-

276 1222 324 1274 tes
339 1211 463 1291 dicere,
489 1231 568 1292 quos
585 1211 727 1274 absolute
744 1221 893 1274 nocentes
908 1213 1113 1292 pronuntiare
1134 1231 1196 1273 non
1212 1223 1357 1293 possunt.

236 1297 258 1354 ,6
276 1297 405 1360 Debitor
419 1297 595 1360 creditorue
612 1317 740 1360 seruum
748 1299 903 1400 pignoris
918 1297 1089 1360 uinciendo
1109 1297 1296 1362 dediticium
1311 1298 1360 1361 la·
1381 1311 1414 1355 ro

277 1403 349 1446 cere
365 1404 428 1446 non
443 1393 592 1465 possunt:
610 1385 690 1446 alter
705 1384 789 1446 enim
805 1385 874 1446 sine
889 1384 987 1445 altero
1003 1402 1129 1446 eausam
1143 1385 1287 1464 pignoris
1301 1384 1361 1448 de-

239 1467 258 1528 7
277 1471 425 1532 teriorem
447 1469 549 1532 facere
571 1489 634 1533 non
655 1479 768 1550 potest
815 1473 934 1533 Seruus
956 1469 1066 1531 furiosi
1086 1470 1206 1532 domini
1228 1471 1283 1533 uel
1298 1491 1360 1552 pu-

276 1557 377 1636 pilli
369 1575 458 1618 iussu
479 1557 607 1618 uinctus
628 1555 849 1618 dediticiorum
871 1575 1003 1618 numero
1018 1575 1080 1617 nou
1103 1546 1199 1618 elficit
1186 1565 1257 1636 tur,
1284 1559 1360 1637 quia

239 1642 257 1698 8
276 1661 381 1722 neque
399 1641 537 1706 furiosus
551 1660 655 1722 neque
671 1643 813 1742 pupillus
829 1643 930 1704 exacti
946 1643 1068 1704 consilii
1083 1660 1182 1724 capax
1198 1652 1255 1704 est.
1291 1645 1359 1706 Non

276 1737 397 1790 tantum
413 1731 440 1790 si
456 1731 525 1808 ipse
541 1727 688 1790 dominus
702 1729 830 1807 uinciat,
849 1737 942 1789 nocet
955 1727 1106 1806 libertati,
1124 1727 1181 1790 sed
1197 1738 1229 1790 et
1243 1729 1270 1790 si
1285 1730 1361 1790 uin·
1382 1740 1415 1786 ⁴5

277 1816 336 1876 oiri
351 1813 459 1876 iubeat
481 1823 535 1876 aut
549 1815 720 1876 uineientis
741 1815 953 1894 procuratoris
968 1815 1122 1876 actorisue
1140 1815 1257 1876 lactum
1273 1833 1361 1876 com-

276 1899 401 1980 probet.
441 1899 525 1980 quod
547 1901 592 1980 si,
617 1909 786 1980 antequam
808 1901 905 1962 sciret
918 1901 1079 1978 uinctum,
1105 1900 1268 1966 solutionis
1289 1902 1360 1963 eius

277 2005 387 2048 causas
401 1985 642 2066 approbauerit,
664 1985 803 2048 libertati
818 1985 943 2048 futurae
959 1987 1085 2048 uincula
1107 2005 1170 2047 non
1185 1986 1357 2050 nocebunt.

240 2071 258 2130 9
278 2072 374 2134 Caeco
396 2081 519 2134 curator
534 2071 602 2133 dari
624 2091 686 2134 non
708 2081 829 2152 potest,
853 2073 927 2152 quia
950 2073 1018 2152 ipse
1040 2071 1102 2133 sibi
1121 2082 1360 2153 procuratorem

273 2159 442 2220 instituere
457 2167 570 2237 potest.
1379 2170 1413 2216 ιο

501 2345 562 2426 [xiil
605 2364 642 2406 DE
665 2364 894 2407 rinniooreuissls
917 2345 1128 2428 tranensibus]

243 2466 253 2523 t
345 2467 407 2528 lia
423 2465 606 2528 condicione
622 2465 715 2528 heres
736 2467 899 2528 institutus
922 2485 948 2528 s1
964 2485 1085 2528 ninnuos
1108 2485 1175 2529 svos
1196 2487 1360 2530 antumm-

276 2571 362 2613 vanrr
392 2550 568 2613 omnimodo
591 2571 643 2613 eos
665 2554 863 2634 emancipare
885 2551 1044 2632 cogendus
1067 2561 1131 2614 est:
1164 2573 1220 2634 pro
1247 2553 1360 2618 condi-

241 2638 367 2700 beione
389 2639 474 2700 enim
496 2639 555 2699 boc
576 2638 642 2699 loco
663 2638 870 2718 emancipatio
891 2637 1022 2701 uidetur
1044 2637 1211 2720 adscripta.
1258 2639 1360 2702 Dece-

277 2724 373 2786 dente
395 2743 447 2803 eo,
474 2743 491 2785 a
513 2743 575 2804 quo
597 2723 836 2788 fideicommissa
857 2723 988 2786 libertas
1003 2725 1114 2787 relicta
1136 2734 1202 2804 est,
1220 2725 1359 2789 heredes
1379 2737 1414 2784 ιι

240 2810 257 2868 3
277 2813 347 2873 eius
363 2829 430 2872 eam
446 2819 608 2892 praestare
623 2809 755 2892 cogendi
770 2818 855 2872 sunt.
880 2809 1045 2872 Decedens
1060 2812 1162 2872 seruis
1178 2815 1244 2874 suis
1258 2811 1359 2874 liber-

276 2905 372 2958 tatem
394 2897 436 2957 ita
452 2895 557 2958 dedit:
589 2903 678 2957 ιιιιιι
693 2913 729 2956 ar
744 2913 830 2956 narn
846 2915 964 2959 urbanos
979 2915 1046 2958 assa
1060 2914 1135 2958 rouo
1150 2915 1260 2970 rosera
1274 2917 1360 2960 runs

276 3001 343 3044 aare
365 3001 494 3044 arnonas
508 3000 566 3045 no:
591 2981 764 3062 impeditur
782 2981 1023 3044 fideicommissa
1037 2982 1183 3063 libertae,
1207 2986 1282 3063 quia
1297 3003 1360 3064 pu-

276 3069 346 3148 pilli
361 3070 429 3130 sine
445 3071 557 3131 tutoris
578 3069 761 3131 auctoritate
783 3069 1005 3130 manumittere
1021 3087 1084 3130 non
1104 3079 1240 3149 possunt
1254 3081 1286 3132 et
1301 3069 1360 3132 ha-

277 3154 428 3216 bentibus
443 3164 562 3216 tutores
578 3165 663 3217 tutor
677 3153 745 3216 dari
761 3173 823 3214 non
839 3163 952 3232 potest.
996 3153 1052 3215 sed
1068 3155 1197 3216 interim
1212 3157 1284 3218 uice
1299 3155 1360 3218 ab·
1378 3166 1413 3212 ao

277 3241 544 3320 sentium'pupilli
557 3240 772 3318 habebuntur,
791 3249 827 3301 ut
843 3259 883 3301 ex
898 3239 1025 3301 decreto
1037 3241 1222 3320 amplissimi
1237 3241 1360 3305 ordinis

277 3328 414 3406 primum
430 3325 561 3388 libertas
576 3347 612 3388 ao
627 3324 744 3388 deinde
758 3326 858 3387 tutela
873 3336 1048 3406 competere
1065 3327 1174 3407 possit.

540 3513 598 3596 [xiv
640 3533 678 3576 in
700 3531 922 3576 sacrararum
944 3513 1095 3600 summan]

242 3636 252 3692 ι
361 3634 548 3698 Nominatim
565 3636 651 3700 serui
667 3642 854 3696 testamento
869 3636 1049 3698 manumitti
1064 3634 1239 3696 secundum
1254 3635 1358 3714 legem

276 3721 394 3784 Fufiam
416 3729 557 3801 possunt.
603 3721 787 3782 nominatim
804 3729 910 3782 autem
925 3722 1147 3782 manumittere
1164 3719 1360 3802 intellegitur
1377 3731 1411 3778 aa

278 3910 326 3924 Μ

347 4010 589 4076 tlideicommisso
602 4012 662 4062 dett.
706 4011 716 4076 ΙΙ
757 4011 984 4062 elimatorum
1025 4011 1035 4074 ΙΙ
1077 4015 1195 4076 8prope
1211 4013 1238 4060 et
1254 4014 1358 4074 scripsi,

275 4078 433 4143 probetldl
436 4080 542 4145 ,probe
555 4081 615 4130 ιιιιι.
647 4081 659 4144 ΙΙ
689 4085 719 4130 ιι
738 4094 815 4132 iussu
826 4083 898 4140 dett
913 4081 1017 4131 iussum
1030 4081 1079 4130 ML
1108 4080 1119 4144 ΙΙ
1149 4084 1180 4138 ιι
1194 4079 1361 4131 omnimodis

276 4150 374 4198 codices
402 4149 413 4212 11
443 4152 473 4198 ιι
493 4149 663 4212 nominatim]
678 4162 733 4199 non
746 4151 798 4199 nisi
811 4151 969 4200 nominatim
984 4163 1034 4199 scr.
1050 4151 1180 4208 (similiter
1191 4148 1316 4212 Huschke)
