3028 4830
565 347 651 358 -··
696 315 714 374 7
759 345 845 359 --
1159 315 1217 380 le.
1234 319 1244 364 4

100 498 140 556 444
247 502 308 573 Qui
330 509 453 562 tantum
477 501 509 561 in
533 499 636 579 bonis,
661 520 724 562 non
740 502 833 563 etiam
850 521 891 563 ex
906 501 975 564 iure
990 502 1162 574 Quiritium
1179 523 1249 566 ser-

158 607 237 650 uum
261 587 366 664 habet,
392 586 643 648 manumitteudo
659 589 803 649 Latinum
826 587 910 649 iacit.
951 589 984 648 in
1007 587 1100 650 bonis
1122 597 1246 652 tantum

159 674 294 735 alicuius
323 691 437 734 seruus
468 683 516 734 est
543 673 633 735 uelut
662 673 721 736 hoo
749 672 859 751 modo,
892 673 919 734 si
947 674 1026 735 ciuis
1048 675 1246 738 Romanusa

160 761 231 822 ciue
253 759 390 822 llomano
412 774 542 820 seruum
570 760 699 837 emerit,
732 760 821 839 isque
848 758 984 822 traditus
1012 762 1042 820 ei
1071 761 1112 822 sit
1142 779 1246 841 neque

159 856 266 907 tamen
296 845 493 924 mancipatus
524 847 553 906 ei
579 863 686 926 neque
709 845 742 906 in
765 847 836 907 iure
858 863 965 907 cessus
987 865 1093 926 neque
1116 847 1157 908 ab
1179 851 1280 928 ipsos

159 950 243 994 anno
265 943 429 1012 possessus
451 933 509 992 sit:
536 949 609 992 nam
633 930 786 1011 quamdiu
808 931 919 993 horum
941 930 1021 1012 quid
1044 931 1106 1010 fiat,
1134 934 1161 994 is
1176 953 1246 996 ser-

159 1036 222 1081 uus
245 1018 277 1078 in
300 1016 392 1078 bonis
414 1015 545 1096 quidem
568 1018 719 1096 emptoris
742 1025 807 1095 est,
834 1035 879 1079 em
901 1017 970 1078 iure
993 1019 1165 1089 Quiritium
1188 1037 1246 1081 au·

100 1097 140 1158 47
159 1113 224 1166 tem
246 1103 423 1164 uenditoris
446 1111 504 1164 est.
551 1103 679 1182 Mulier,
713 1121 794 1184 quae
819 1104 849 1164 iu
873 1103 971 1164 tutela
995 1114 1058 1180 est,
1086 1105 1161 1166 item
1184 1125 1246 1185 pu-

101 1186 142 1244 48
160 1190 257 1270 pillus
288 1199 319 1250 et
352 1189 470 1268 pupilla
505 1191 726 1251 manumittere
761 1208 824 1250 non
851 1198 994 1269 possunt.
1043 1189 1246 1253 Communem

161 1294 291 1338 seruum
313 1293 397 1337 unus
421 1293 461 1335 ex
484 1272 619 1336 dominis
641 1275 891 1338 manumittendo
910 1285 1032 1356 partem
1048 1295 1137 1338 suam
1152 1278 1248 1338 omit·
1266 1285 1297 1331 44

161 1364 212 1439 444,
238 1380 339 1441 eaque
361 1359 517 1422 adcrescit
539 1362 632 1439 socio,
659 1362 795 1424 maxime
811 1362 838 1422 si
855 1380 890 1422 eo
907 1361 998 1423 modo
1013 1364 1245 1442 manumiserit,

162 1467 235 1528 quo,
262 1449 288 1508 si
309 1448 472 1526 proprium
495 1446 636 1524 haberet,
663 1448 766 1508 ciuem
788 1448 962 1508 Romanum
985 1447 1127 1509 facturus
1150 1458 1245 1510 esset.

163 1553 236 1594 nam
260 1535 286 1594 si
303 1535 387 1594 inter
401 1533 517 1593 amieos
533 1551 605 1594 eum
621 1533 851 1609 manumiserit,
879 1533 1041 1613 plerisque
1057 1534 1159 1614 placet
1175 1553 1248 1596 eum

103 1615 142 1674 49
162 1619 244 1681 nihil
268 1619 382 1699 egisse.
429 1619 567 1698 SeruuS,
594 1621 627 1680 in
651 1637 713 1698 quo
736 1619 867 1680 alterius
890 1627 937 1680 est
960 1619 1176 1697 ususfructus,
1201 1620 1249 1681 al-

161 1707 263 1767 terius
284 1706 478 1785 proprietas,
512 1724 532 1766 o
553 1705 759 1786 proprietatis
781 1703 907 1766 domino
930 1706 1144 1767 manumissus
1166 1705 1249 1768 liber
1268 1716 1298 1764 44

162 1811 227 1853 non
251 1791 296 1870 fit,
322 1791 379 1852 sed
401 1809 515 1852 seruus
539 1792 607 1851 sine
630 1789 756 1851 domino
780 1799 837 1851 est.

100 1873 141 1933 20
249 1879 319 1938 Post
341 1885 472 1940 mortem
495 1875 623 1938 heredis
645 1886 700 1938 aut
722 1886 795 1938 ante
810 1877 1041 1938 institutionem
1056 1875 1184 1938 heredis
1200 1886 1250 1938 te·

163 1972 319 2025 stamento
341 1961 473 2024 libertas
496 1963 565 2024 dari
588 1982 651 2023 non
673 1971 787 2042 potest,
814 1971 946 2042 excepto
961 1971 1149 2024 testamento
1165 1963 1250 2024 mili-

102 2045 137 2106 24
162 2051 216 2110 444.
257 2049 343 2110 luter
364 2047 486 2110 medias
509 2048 664 2110 heredum
687 2049 901 2110 institutiones
919 2048 1050 2110 libertas
1065 2047 1136 2110 data
1151 2049 1251 2110 utris-

163 2153 227 2214 que
249 2134 440 2196 adeuntibus
462 2154 525 2196 non
548 2136 644 2196 ualet.
684 2135 748 2195 solo
771 2143 877 2195 autem
898 2135 1004 2212 priore
1027 2134 1165 2197 adeunte
1181 2136 1250 2197 iure
1268 2144 1300 2192 44

164 2223 295 2300 antiquo
318 2221 420 2282 ualet:
447 2218 503 2281 sed
518 2230 588 2301 post
603 2221 706 2300 legem
723 2221 849 2300 Papiam
865 2221 1050 2300 Poppaeam,
1077 2239 1158 2300 quae
1177 2240 1253 2301 par-

163 2317 229 2368 tem
252 2326 314 2368 non
337 2306 485 2368 adeuntis
507 2305 657 2368 caducam
681 2304 769 2384 iacit,
802 2307 829 2367 si
857 2305 988 2386 quidem
1015 2307 1136 2386 primus
1159 2307 1251 2388 heres

164 2393 219 2456 uel
240 2393 290 2454 ius
313 2392 476 2455 liberorum
492 2393 542 2454 4444
557 2395 604 2454 ius
619 2393 785 2472 antiquum
801 2391 926 2472 habeat,
951 2393 1058 2454 ualere
1076 2411 1144 2464 cam
1159 2412 1252 2472 posse

163 2479 298 2560 placuit:
324 2478 410 2559 quod
433 2481 543 2540 sinon
567 2478 692 2556 habeat,
719 2496 782 2538 non
805 2478 912 2540 ualere
928 2487 1059 2558 constat,
1085 2477 1172 2558 quod
1186 2479 1251 2540 loco

164 2584 229 2626 non
252 2564 397 2626 adeuntis
419 2565 501 2645 legat
503 2566 561 2626 arii
576 2573 630 2645 pat
633 2583 684 2626 res
700 2563 836 2626 heredes
851 2564 942 2626 fiunt.
919 2525 1059 2626 tsunt⁷
1071 2574 1176 2626 tamen
1196 2565 1252 2644 qui
1270 2574 1302 2621 44
1387 2607 1389 2620 .

102 2648 144 2709 22
165 2661 197 2713 44
221 2651 278 2712 hoc
301 2669 376 2712 casu
398 2651 509 2712 ualere
533 2669 600 2712 eom
623 2669 714 2730 posse
738 2649 858 2714 dicunt.
891 2651 952 2722 Qui
967 2660 1155 2712 testamento
1171 2650 1253 2712 liber

165 2756 236 2800 esse
260 2737 365 2799 iussus
389 2746 452 2811 est,
486 2756 558 2797 mox
585 2755 680 2816 quam
703 2737 754 2798 uel
775 2755 858 2798 unus
881 2755 921 2798 ex
944 2729 1117 2798 heredibus
1139 2735 1253 2798 adierit

101 2819 143 2882 23
166 2821 325 2884 hereditat
313 2833 388 2900 t,em
414 2783 497 2884 liher
519 2823 564 2883 fit.
604 2823 688 2883 lusta
711 2820 843 2884 libertas
861 2831 1049 2884 testamento
1065 2831 1168 2902 potest
1183 2820 1251 2882 dari

165 2910 216 2970 his
232 2911 346 2986 seruis,
372 2909 427 2989 qui
443 2918 611 2970 testament
613 2909 623 2967 i
599 2906 777 2970 tfaciendi
794 2918 825 2970 et
840 2909 951 2970 mortis
965 2917 1106 2988 tempore
1124 2926 1168 2969 em
1184 2908 1253 2968 iure

165 2996 336 3068 Quiritium
358 2996 517 3056 testatoris
538 2993 677 3056 fuerunt.
1271 3002 1302 3048 co

101 3081 144 3142 24
253 3083 316 3142 Lex
330 3080 415 3142 Fufia
432 3080 563 3142 Caninia
584 3079 674 3142 iubet
695 3088 881 3141 testamento
898 3078 1055 3141 extribus
1071 3079 1173 3140 seruis
1189 3096 1252 3139 non

166 3167 277 3248 plures
301 3185 395 3248 quam
418 3166 497 3228 duos
520 3166 708 3244 manumitti,
736 3175 767 3226 44
789 3185 892 3246 usque
908 3164 949 3227 ad
964 3163 1074 3226 decem
1090 3162 1253 3226 dimidiam

165 3262 291 3334 partem
319 3254 544 3314 manumittere
572 3250 732 3313 concedit:
766 3271 783 3312 a
806 3249 912 3313 decem
933 3269 1036 3330 usque
1060 3250 1100 3312 ad
1122 3251 1253 3330 triginta

165 3341 292 3400 tertiam
311 3347 443 3418 partem,
470 3348 505 3400 ut
521 3347 627 3399 tamen
643 3336 748 3399 adhuc
764 3339 907 3418 quinque
924 3337 1145 3398 manumittere
1163 3337 1255 3396 liceat

167 3525 618 3542 mmmmmwvvxaevw

240 3652 249 3696 4
273 3647 363 3711 444444
356 3661 399 3698 rus
415 3648 435 3699 0
430 3644 466 3767 011
492 3649 525 3695 4’
519 3647 590 3711 isqui
605 3642 655 3712 011
679 3649 778 3696 4444444
790 3648 817 3695 io
829 3647 909 3695 lituro
921 3645 1025 3706 scripsit
1036 3657 1131 3694 44444444
1142 3644 1228 3693 altero

169 3716 316 3779 ’4444444444
332 3720 359 3766 44
381 3715 449 3767 4440
473 3713 483 3782 14
512 3720 542 3765 44
557 3642 708 3766 4444444440
732 3711 743 3781 44
770 3717 800 3763 44
820 3713 844 3777 a]
859 3713 930 3764 adG
954 3709 964 3778 14
992 3716 1022 3761 44
1038 3711 1221 3786 utriusqucC

169 3789 198 3834 2⁴
221 3787 376 3850 pompeiam
398 3785 430 3837 04
463 3782 474 3850 11
509 3787 540 3834 44
566 3784 715 3834 liberorum
732 3783 777 3833 uel
795 3786 838 3832 ius
857 3783 1020 3841 4444444444,
1038 3776 1090 3832 om.
1113 3779 1146 3831 0:
1170 3782 1256 3843 porris

167 3857 248 3904 etiem
266 3867 325 3904 com
343 3855 500 3904 Mommseoo
519 3855 604 3918 patris
621 3853 692 3902 uel*
686 3865 729 3902 rus
746 3853 866 3912 supplere
893 3847 903 3917 11
931 3850 1024 3900 ualere
1046 3847 1079 3902 04
1097 3853 1202 3912 (monus
1214 3863 1256 3899 44

168 3923 277 3984 eundo),
296 3923 392 3973 4441444
414 3922 447 3973 04
474 3919 484 3986 14
514 3923 634 3986 44444441
655 3922 792 3971 eiuseam
814 3919 833 3970 0
860 3915 870 3984 11
899 3923 931 3968 44
951 3932 1033 3999 quam
1052 3919 1097 3969 uel
1116 3919 1253 3978 llorezoll,

168 3992 337 4055 quamuisC
363 3989 374 4054 41
404 3994 435 4040 44
454 3990 510 4055 qui]
531 3993 578 4055 qui
597 3995 623 4041 et
626 3923 769 4052 ]Boecltiop
797 3983 807 4055 11
836 4001 869 4037 ex
887 3987 954 4050 iure]
976 3983 1134 4053 44444014
1164 3991 1195 4036 44
1215 3989 1256 4037 te-

168 4059 372 4112 444444444440
396 4056 406 4125 11
433 4063 461 4109 44
480 4057 709 4110 testamentumC
732 4053 743 4124 44
770 4060 800 4107 44
818 4056 976 4108 4444444440.Ι
990 4062 1108 4118 aepactas
1121 4055 1258 4106 abunde

170 4143 226 4178 orm
239 4134 263 4180 44
275 4131 395 4180 similiter
405 4129 514 4191 oosrop
531 4131 555 4190 4,
572 4127 712 4178 taXXXl
725 4126 851 4177 444404
