3066 4826
282 312 359 364 riou
375 317 428 363 aa
660 349 746 362 ...
792 316 851 377 142
895 349 982 361 -.

322 506 355 564 8·
369 507 404 562 Ε·
419 510 486 580 quid
500 511 696 564 sacrosancti
711 517 761 578 ert,
780 510 848 566 item
863 507 917 566 sub
929 510 1021 566 littera
1034 507 1075 578 Q:
1096 507 1131 576 Q·
1145 512 1183 566 N·
1198 512 1223 568 i·
1237 510 1270 567 S·
1284 513 1319 567 ll·

323 595 398 667 quod
419 611 476 650 nort
497 597 559 650 iure
579 595 617 650 sit
637 603 780 667 ropatum.
806 595 1018 666 ·quam0brem
1040 597 1198 653 Mommsen
1221 603 1320 669 spreto

323 679 424 737 ordine
439 681 469 736 in
484 680 584 738 eodioe
598 681 768 737 Einsidlensi
783 681 939 740 obseruate
961 698 996 737 ea
1018 698 1093 754 quae
1115 683 1191 738 inter
1212 697 1244 738 se
1267 699 1321 740 co-

323 771 406 836 gnata
422 781 486 822 esse
502 766 672 823 uiderentur
686 768 764 824 iuxta
779 769 893 838 posuit:
922 768 1005 840 isque
1020 768 1189 826 Mommseni
1203 767 1275 826 ordo
1290 771 1320 825 in

322 851 377 909 bae
393 851 519 908 editione
534 869 550 908 a
565 851 650 909 nobis
666 858 793 910 retentus
809 859 863 910 est.

382 1034 401 1083 A
416 1054 447 1077 =
461 1035 658 1086 Ambrosianus
670 1036 684 1086 l
699 1040 748 1086 445
761 1049 821 1104 sup.
835 1049 907 1088 saee.
921 1036 1066 1086 xv-xvt

382 1103 447 1152 ii=
461 1106 597 1156 Romanus
608 1105 755 1168 Chigianus
765 1107 786 1156 1.
801 1107 845 1156 Vl.
862 1108 909 1155 tot
924 1119 996 1156 seeo.
1010 1103 1157 1157 liv-xvi

383 1171 449 1221 ii=
463 1173 641 1224 Einsidlensis
654 1177 703 1224 82⁶
717 1187 788 1228 saec.
803 1175 828 1224 X

673 1447 828 1511 VALERll
853 1448 966 1510 PROBI

657 1567 704 1651 [on
727 1587 802 1630 rrms
823 1567 973 1650 noriam]

242 1689 253 1748 l
364 1689 419 1750 Est
448 1689 543 1750 etiarn
571 1689 655 1752 eirea
681 1687 928 1770 perscribendas
949 1689 1003 1752 uel
1024 1689 1226 1772 paucioribus
1247 1690 1364 1752 litteris

278 1773 432 1838 notandas
453 1793 549 1838 uoees
570 1774 711 1838 studium
733 1777 960 1838 necessarium.
1000 1774 1086 1856 quod
1101 1776 1214 1858 partim
1230 1795 1288 1858 pro
1303 1796 1364 1838 uo-

277 1861 399 1926 luntate
422 1861 577 1940 cuiusque
596 1861 647 1942 fit,
669 1863 785 1942 partim
800 1881 858 1943 pro
873 1880 935 1924 usu
949 1859 1076 1941 publico
1092 1871 1124 1924 et
1139 1861 1361 1924 obseruatione
1383 1881 1398 1920 r,

277 1949 448 2012 communi.
483 1963 619 2026 namque
641 1945 728 2028 apud
750 1957 877 2012 ueteres
900 1967 972 2009 eum
993 1966 1071 2010 usus
1093 1957 1238 2010 notarum
1254 1949 1363 2011 nullus

277 2042 378 2112 esset,
396 2041 529 2114 propter
543 2031 705 2097 scribendi
721 2032 953 2116 difficultatem,
978 2034 1115 2096 maxime
1130 2034 1163 2095 in
1179 2044 1290 2096 senatu
1306 2037 1361 2114 qui

276 2117 443 2181 scribendo
458 2117 599 2197 aderant,
618 2128 655 2182 ut
669 2120 815 2182 celeriter
826 2118 910 2182 dieta
921 2118 1363 2202 comprehenderent‚·quae-

215 2223 226 2242 *
276 2203 350 2267 dam
361 2204 462 2267 uerba
473 2215 569 2286 atque
579 2205 707 2268 nomina
719 2225 760 2268 ex
775 2207 931 2268 communi
947 2224 1103 2272 consensu
1117 2207 1230 2288 primis
1246 2207 1362 2268 litteris

276 2289 445 2370 notabant,
470 2300 501 2354 et
516 2291 659 2372 singulae
674 2291 798 2356 litterae
814 2290 892 2371 quid
908 2291 1139 2372 significarent,
1161 2293 1193 2354 in
1210 2301 1361 2374 promptu
1381 2308 1414 2352 ro

277 2386 356 2438 erat.
399 2375 531 2459 quod'irt
545 2375 806 2458 praenominibus
820 2377 946 2458 legibus
961 2375 1097 2460 publicis
1112 2379 1361 2460 pontificumque

277 2463 491 2526 monumentis
511 2471 543 2526 et
564 2465 597 2526 in
620 2464 700 2528 iuris
723 2463 826 2526 oiuilis
844 2463 936 2525 libris
952 2465 1046 2526 etiam
1063 2483 1148 2526 nuno
1164 2473 1280 2527 manet.
1320 2464 1361 2526 ad

276 2567 355 2630 quas
371 2550 547 2613 notationes
563 2549 707 2630 publicas
721 2549 843 2612 aooedit
859 2551 953 2616 etiam
968 2549 1181 2612 studiosorum
1199 2551 1358 2614 uoluntas.

276 2633 333 2698 sed
348 2635 569 2716 unusquisque
585 2634 755 2704 familiares
770 2635 831 2698 sibi
846 2645 936 2698 notas
950 2654 1007 2718 pro
1022 2637 1185 2700 uoluntate
1204 2655 1282 2718 quas
1296 2639 1362 2718 stp-

276 2723 371 2800 oorit,
391 2720 660 2802 comprehendere
676 2721 835 2784 infinitum
851 2731 912 2784 est:
933 2721 1079 2802 publicae
1095 2742 1171 2784 sane
1187 2722 1356 2800 tenendae,
1381 2736 1413 2782 is

277 2826 358 2888 quae
380 2808 413 2870 in
435 2807 646 2870 monumentis
666 2808 812 2888 plurimis
828 2817 860 2870 et
876 2809 909 2869 in
923 2809 1124 2872 historiarum
1141 2808 1231 2870 libris
1245 2808 1362 2870 saeris-

238 2894 258 2952 9
277 2913 340 2974 que
355 2892 493 2976 publiois
509 2893 730 2976 reperiuntur,
754 2903 790 2956 ut
805 2895 837 2954 P·
856 2893 1002 2956 Publius:
1027 2893 1062 2955 G·
1081 2894 1194 2956 Gaius:
1221 2896 1259 2955 ii·
1278 2895 1362 2955 blar-

276 2999 349 3042 eus:
386 2981 447 3040 GN·
466 2979 608 3042 Gnaeus:
642 2980 680 3054 Q·
704 2979 857 3054 Quintus:
889 2980 1092 3042 suniarius:
1126 2982 1174 3042 Tl·
1192 2979 1354 3042 Tiberius:

278 3065 335 3128 CL·
363 3063 530 3128 Claudius:
562 3065 618 3126 SP·
644 3066 665 3126 S
689 3067 796 3128 urius:
827 3065 914 3128 SEX·
938 3067 1070 3128 Sextus:
1101 3067 1186 3128 SEll·
1205 3067 1356 3128 Seruius:

277 3151 337 3212 ΟΡ·
356 3149 482 3231 Opiter:
501 3149 539 3214 A·
553 3152 589 3213 V·
604 3149 638 3212 C·
655 3086 696 3214 ab
712 3150 793 3214 urbe
805 3150 945 3214 condita:
966 3153 998 3212 P·
1013 3153 1049 3212 R·
1065 3151 1101 3214 E·
1116 3161 1185 3233 post
1198 3171 1289 3232 reges
1302 3171 1360 3213 ex·
1378 3165 1415 3212 ao

277 3245 379 3300 actos:
407 3239 439 3298 P·
458 3237 493 3298 C·
511 3246 618 3318 patres
634 3239 822 3318 conscripti:
847 3238 879 3298 S·
898 3237 931 3298 P·
950 3239 988 3312 Q·
1005 3238 1043 3301 ll·
1060 3248 1190 3300 senatus
1204 3239 1359 3320 populus-

278 3341 340 3403 que
356 3323 530 3384 llomanus:
563 3323 628 3396 EQ·
646 3325 683 3384 ll·
708 3341 806 3404 eques
821 3323 996 3386 Romanus:
1029 3325 1066 3386 V·
1084 3325 1121 3384 R·
1144 3323 1223 3386 urbs
1238 3325 1354 3386 Roma:

278 3409 312 3470 C·
331 3409 368 3470 R·
387 3410 466 3472 ciuis
481 3409 652 3472 Romanus:
674 3409 759 3471 COL·
777 3409 915 3472 coloniae
930 3410 983 3472 uel
999 3409 1116 3472 eoloni:
1142 3411 1234 3472 MVN·
1252 3412 1360 3474 muni-

588 3598 605 3607 ¹V⁴
614 3597 622 3608 N
630 3599 637 3606 ’ἱ
645 3599 654 3608 ¹*
661 3600 669 3608 ιι
675 3598 716 3609 Fssn
722 3598 1337 3611 (VWNVKf-NVXMANNRIWWMNxFPJ
1344 3601 1354 3610 a

345 3723 360 3767 Ξ
379 3717 414 3768 de
426 3716 470 3778 At,
484 3729 534 3767 om.
549 3715 622 3768 Aba:
642 3719 747 3768 “lolem
759 3717 792 3768 de
806 3719 874 3768 iuris
885 3719 1010 3769 notarum
1022 3720 1184 3780 suppositum
1194 3731 1250 3769 esre
1258 3720 1359 3781 proto-

275 3789 314 3838 uit
327 3788 468 3838 Memnon
479 3789 507 3838 io
521 3786 705 3838 Grammatieis
714 3788 834 3840 Lotioirt
848 3800 875 3850 p.
888 3791 936 3838 288
966 3786 978 3850 ΙΙ
1008 3791 1021 3836 7
1034 3787 1154 3852 propter]
1168 3789 1263 3852 postea
1273 3802 1359 3853 prop·

276 3858 318 3905 ter
330 3857 471 3908 Mommsen
508 3855 519 3918 11
557 3855 743 3909 dilfioultatern
756 3857 906 3915 Monaesen,
921 3854 1077 3906 facultatem
1090 3858 1187 3908 codices
1224 3856 1236 3920 11
1278 3861 1305 3906 44
1328 3859 1357 3906 in

276 3925 348 3985 dett,
369 3937 424 3974 non
438 3925 521 3975 iulii
551 3925 562 3988 ΙΙ
592 3929 623 3974 it
643 3925 732 3974 ciuilis
744 3927 816 3984 dett„
836 3923 965 3976 ciuilibus
977 3924 1020 3974 All
1049 3924 1061 3988 ΙΙ
1092 3927 1122 3973 ii
1142 3923 1190 3975 sed
1203 3926 1355 3986 Mororum,

276 3995 358 4043 etia
386 3993 397 4055 11
427 4008 495 4057 quas
507 3995 622 4058 signarit
633 3993 784 4054 Monaesen,
798 3995 916 4057 signaret
928 4007 997 4058 quas
1009 3995 1107 4044 codices
1144 3992 1155 4056 ΙΙ
1194 3997 1225 4042 rt
1244 4007 1268 4044 c·
1282 3995 1356 4055 deit,

275 4073 302 4110 e·
316 4063 358 4111 Ali
388 4063 398 4124 ii
428 4067 460 4112 48
479 4075 522 4112 es·
536 4065 635 4113 codices
663 4063 674 4125 ΙΙ
702 4071 740 4112 nv·
754 4064 862 4113 manius
871 4063 1021 4118 Mommsen,
1034 4073 1081 4113 ul·
1095 4063 1238 4114 maeunius
1253 4066 1360 4124 (maeu-

275 4132 420 4187 uiusoetrr
438 4133 536 4183 oodr'oer
564 4131 575 4193 ΙΙ
605 4135 637 4180 22
656 4131 741 4194 roma]
757 4145 869 4182 minens
882 4133 979 4185 codices
1007 4131 1018 4195 ll
1048 4135 1079 4182 2⁸
1099 4131 1307 4184 colonouelAll
