3028 4830
569 385 656 396 ....
699 353 739 412 55
784 383 870 396 ...-
1028 351 1103 400 l'aul·
1118 352 1138 410 l,
1154 354 1194 402 ts.
1210 354 1259 400 434

177 541 265 602 *tum
294 560 312 600 a
334 541 481 620 principe
503 538 580 602 salsa
608 539 794 620 allegatione
817 539 1001 618 elicuerint,
1033 540 1131 602 utico
1152 539 1260 620 prohi-

72 627 90 684 6
111 623 153 706 (7)
177 625 350 689 *bentun*
387 627 448 698 Qui
471 625 512 688 de
534 645 568 687 se
590 623 752 688 coufessus
774 634 837 702 est,
865 625 898 684 in
920 625 1019 688 alium
1033 626 1174 706 torqueri
1195 643 1259 687 non

176 721 297 792 potest,
327 731 368 773 ne
389 713 524 773 alienam
546 713 680 774 salutem
702 712 735 773 in
757 709 890 773 dubium
911 709 1058 790 deducat,
1077 712 1132 792 qui
1148 710 1260 774 desua

138 795 157 856 7
177 797 372 878 desperauit.
398 796 478 870 *Qui
491 799 559 860 sine
572 796 806 860 accusatoribus
818 798 851 857 in
860 795 1033 858 custodiam
1040 799 1161 878 recepti
1172 805 1257 876 sunt,

176 883 342 964 *quaestio
365 883 405 946 de
427 885 477 946 his
498 883 645 945 hahendo
666 902 730 944 non
753 892 818 961 est,
842 883 903 944 nisi
925 883 951 943 si
974 882 1135 962 aliquibus
1155 883 1261 962 suspi·
1279 899 1294 946 4

138 969 158 1027 8
177 968 343 1031 *cionihus
353 980 560 1050 urgueantur.
586 971 644 1030 Per
655 971 809 1032 minorem
826 987 951 1030 causam
967 970 1079 1030 maiori
1092 969 1261 1049 cognitioni

178 1054 432 1136 *praeiudicium
455 1056 525 1116 fieri
541 1075 603 1116 non
619 1066 758 1135 oportet:
783 1055 882 1116 maior
897 1056 981 1116 enim
1003 1055 1143 1134 quaestio
1158 1055 1262 1116 mino-

139 1142 157 1199 9
177 1140 267 1202 *rem
283 1160 408 1203 causam
430 1141 471 1202 ad
486 1160 519 1202 se
534 1141 641 1202 trahit.
681 1142 715 1202 ln
738 1141 869 1202 crimine
884 1140 1033 1202 adulterii
1055 1141 1143 1202 nulla
1157 1138 1261 1202 danda

177 1227 307 1288 *dilatio
323 1238 386 1304 est,
404 1229 467 1288 nisi
482 1237 518 1290 ut
531 1245 685 1308 personae
701 1226 927 1306 exhibeantur,
944 1237 998 1288 aut
1014 1225 1112 1288 iudex
1126 1246 1166 1288 ex
1181 1244 1263 1306 qua-

178 1313 286 1374 *litate
302 1314 421 1393 negotii
437 1323 538 1376 motus
554 1313 612 1376 hoc
629 1332 723 1376 eausa
739 1313 861 1394 cognita
877 1311 1092 1392 permiserit*
1279 1328 1310 1373 44

553 1517 634 1600 [44444Δ
678 1536 715 1578 na
739 1518 885 1600 rvmcrro]

126 1637 159 1696 44
266 1637 376 1717 *Eum,
394 1641 529 1719 pro'quo
546 1639 618 1718 quis
633 1637 719 1719 apud
734 1637 872 1702 officium
896 1642 988 1720 cauit,
1008 1637 1160 1701 exhibere
1177 1637 1262 1718 cogi-

178 1723 260 1786 *tun
287 1725 363 1785 item
376 1744 449 1786 eum
461 1725 516 1804 qui
529 1723 614 1804 apud
626 1734 694 1786 acta
710 1723 924 1786 exhibiturum
940 1746 974 1788 se
991 1745 1060 1788 esse
1076 1743 1170 1804 quem
1186 1741 1263 1803 pro-

177 1809 295 1888 *misit,
314 1811 373 1871 etsi
385 1809 487 1872 officio
499 1830 561 1870 non
573 1819 693 1888 canent,
709 1810 749 1871 ad
761 1810 978 1874 exhibendum
990 1823 1095 1874 tamen
1107 1807 1261 1890 cogitur.*

140 1895 152 1954 4
178 1896 241 1968 Qui
261 1895 476 1958 exhibiturum
499 1916 532 1957 se
554 1897 692 1975 aliquem
711 1895 828 1958 iudicio
843 1907 986 1976 cauerat,
1013 1907 1135 1958 mortuo
1151 1915 1187 1956 eo
1203 1913 1261 1976 pro
1281 1912 1312 1958 44

126 1975 158 2039 lb
177 2000 241 2061 quo
261 1992 389 2043 cauerat
411 1982 550 2062 periculo
569 1983 722 2044 cautionis
737 1982 902 2044 liberatur.
942 1983 1037 2047 *Acta
1053 1981 1139 2063 apud
1154 2001 1188 2042 se
1204 1981 1263 2042 ha·
1302 1997 1304 2002 ’

178 2066 283 2144 *bita,
307 2069 334 2128 si
357 2077 465 2148 partes
487 2068 682 2129 consentiant
703 2077 734 2129 et
750 2066 848 2130 iudex
863 2069 921 2131 hoc
936 2070 1133 2150 permiserit,
1158 2076 1263 2148 potest

177 2151 309 2215 *iubere
326 2173 362 2215 ea
378 2153 429 2215 die
445 2153 651 2232 circumduci,
669 2155 730 2215 nisi
743 2155 796 2216 uel
807 2157 967 2235 negotium
979 2157 1032 2218 uel
1043 2156 1083 2217 lis
1094 2155 1263 2216 terminata

126 2239 159 2297 lc
178 2237 258 2300 *est
297 2239 341 2301 De
364 2239 543 2319 amplianda
564 2241 617 2301 uel
640 2240 813 2302 minuenda
835 2261 936 2322 poena
961 2241 1177 2304 damnatorum
1192 2248 1264 2319 post

178 2325 386 2387 *sententiam
408 2325 523 2387 dietam
544 2327 612 2386 sine
635 2327 805 2406 principali
826 2330 1010 2390 auctoritate
1031 2328 1111 2388 nihil
1134 2335 1182 2386 est
1197 2335 1262 2391 sta·
1281 2341 1312 2386 44

125 2404 159 2468 4ί1
178 2409 365 2473 *tuendum
392 2411 505 2472 Contra
520 2410 702 2474 indefensos
718 2413 856 2474 minores
870 2423 1007 2477 tutorem
1022 2414 1075 2476 uel
1086 2421 1262 2474 curatorem

126 2497 158 2554 4θ
178 2497 261 2558 *non
281 2496 434 2559 hahentes
450 2498 535 2559 nulla
551 2499 706 2559 sententia
722 2497 912 2578 proferenda
927 2511 985 2562 est.
1025 2501 1139 2561 Contra
1154 2498 1264 2578 pupil-

179 2582 264 2644 *lum
286 2583 485 2645 indefensum
509 2602 646 2663 eumque
667 2585 722 2663 qui
743 2586 790 2645 rei
813 2585 959 2666 publicae
980 2604 1073 2647 causa
1094 2584 1184 2646 abest
1209 2584 1263 2644 uel

178 2668 352 2731 *minorem
375 2670 485 2750 uiginti
509 2671 652 2749 quinque
674 2672 765 2732 annis
790 2673 985 2752 propositum
1013 2671 1261 2752 peremptorium

129 2747 162 2812 l‘
178 2754 278 2815 *nihil
294 2756 443 2816 momenti
458 2754 563 2817 habet.
602 2757 645 2834 ls,
670 2758 724 2835 qui
747 2756 787 2819 ad
809 2758 911 2820 maius
926 2757 1117 2819 auditorium
1131 2764 1262 2817 uocatus
1281 2769 1312 2814 44

180 2841 264 2919 *est,
296 2841 323 2902 si
352 2842 439 2902 litem
463 2842 637 2903 inchoatam
659 2842 815 2921 deseruit,
846 2853 1013 2904 contumax
1032 2861 1095 2904 non
1118 2841 1259 2903 uidetur.

75 2927 109 2985 4⁸
126 2919 160 2984 l¹¹
178 2925 291 2988 *Bonis
303 2925 444 2988 uenditis
456 2929 659 3008 excipiuntur
670 2928 845 2990 concubina
858 2938 889 2990 et
900 2928 993 2990 liheri
1005 2928 1176 2990 naturales
1201 2927 1262 2988 Res

178 3011 325 3093 *publica
342 3010 496 3074 creditrix
511 3012 658 3074 omnibus
670 3015 932 3094 ehirographariis
945 3012 1157 3078 creditoribus
1167 3031 1262 3092 prae-

139 3097 333 3160 2*fertur.*
376 3099 473 3160 Filius
501 3098 634 3160 familias
664 3101 751 3162 iussu
778 3102 877 3182 patris
902 3102 1124 3164 manumittere
1144 3107 1257 3178 potest,

139 3184 157 3243 3
177 3185 287 3246 matris
303 3203 364 3246 non
381 3194 494 3264 potest.
520 3187 554 3246 ln
571 3204 659 3263 eum,
678 3185 733 3265 qui
748 3185 855 3248 album
871 3188 983 3248 raserit
997 3186 1176 3266 mrruperit
1190 3202 1262 3246 sus·
1279 3196 1311 3243 44

175 3354 296 3369 κικνυυκιι,
309 3357 330 3366 m
341 3356 412 3368 m-vas
424 3356 476 3367 sint«,
489 3357 502 3366 Α
526 3357 530 3362 ·
543 3357 547 3364 x
584 3357 589 3367 t
609 3357 629 3367 m
656 3358 661 3365 ι
673 3357 686 3368 κ,
705 3359 717 3367 υ

248 3442 439 3504 tamon.
456 3444 497 3501 44,
513 3445 554 3502 44,
570 3445 601 3490 44
631 3443 642 3504 u
674 3446 715 3502 44,
731 3447 744 3490 4
759 3463 790 3485 =
805 3444 864 3506 4444.
880 3449 904 3500 4,
922 3447 945 3503 4,
961 3446 990 3492 44
1022 3443 1033 3504 n
1068 3446 1183 3504 te‚e=
1201 3442 1258 3506 uoq.

179 3513 220 3571 44,
236 3514 261 3569 4,
276 3513 319 3570 44,
333 3511 367 3573 cs.
383 3509 457 3560 4444
473 3515 498 3572 4,
514 3514 556 3571 44,
572 3515 602 3560 44
627 3511 638 3574 44
670 3515 728 3571 444,
745 3515 773 3559 e
786 3532 817 3554 =.-
832 3513 891 3576 4444.
907 3516 931 3574 4,
948 3515 973 3573 4,
989 3516 1018 3562 44
1049 3512 1060 3576 n
1091 3516 1150 3570 444,
1167 3506 1261 3559 44-44

177 3579 342 3697 ssawic,
359 3583 383 3640 4,
399 3581 429 3628 44
457 3577 467 3642 fl
499 3583 557 3641 444,
574 3583 611 3629 44.
626 3575 694 3628 rr=
710 3581 769 3643 4444.
786 3583 827 3642 44,
844 3585 868 3642 4,
882 3584 913 3630 44
938 3582 950 3646 u
979 3585 1038 3641 444,
1055 3578 1092 3631 44.
1109 3575 1139 3627 rh
1153 3600 1184 3623 =
1200 3580 1258 3642 usp.

213 3685 220 3709 1
256 3685 263 3708 l

183 3783 407 3798 uuunmwvvwvv
414 3785 427 3798 l*
432 3783 541 3800 ΛΑΛΛΛΛΝ
546 3785 758 3799 (νιΛΛΑΛΛΛιυυνψν
762 3787 839 3798 Νννν·
847 3788 856 3796 ›-
861 3787 880 3798 rv
886 3788 902 3798 υ
908 3787 1045 3800 urm-ntur!
1053 3787 1140 3798 rumam*
1145 3786 1176 3796 ΛΛ
1193 3791 1196 3796 ι
1206 3789 1213 3798 a
1218 3785 1256 3799 »tm

249 3893 257 3935 4
281 3888 439 3950 etcguerunt
453 3887 522 3951 (elig.
539 3885 621 3950 Eblli
650 3889 660 3952 ΙΙ
696 3902 759 3939 eum
772 3889 826 3948 LE,
840 3889 968 3938 4444444444
981 3894 1080 3938 coastat
1114 3887 1125 3950 11
1163 3893 1189 3938 44
1212 3903 1260 3938 ru·

176 3959 275 4006 4444444
293 3957 326 4007 de
344 3957 463 4007 iudicato
483 3958 627 4008 Petelinos
644 3971 698 4008 4444
715 3959 781 4008 eadit
801 3957 937 4008 0444444444.-
956 3970 1018 4006 aum
1030 3956 1065 4020 44
1089 3962 1114 4008 44
1131 3971 1174 4018 ee,
1195 3971 1262 4020 444444

173 4023 307 4089 proram
322 4029 331 4073 4
354 4027 413 4076 hato
431 4027 485 4076 loeo
502 4040 537 4076 eoo
550 4026 663 4090 Dicaeus
680 4029 802 4076 4444444444
819 4031 889 4086 sant,
908 4029 992 4089 44444944
1010 4028 1044 4076 od
1061 4027 1165 4077 4444444444
1178 4039 1261 4088 pree-

175 4095 306 4144 cedeatam
320 4097 460 4156 pertineat,
479 4095 595 4158 4444444444
610 4099 697 4145 uatem
707 4097 848 4146 4444444444
859 4107 894 4144 ec
906 4095 1018 4144 diuersis
1029 4096 1106 4144 Pauli
1118 4096 1200 4146 44444444
1212 4109 1261 4145 cn·

175 4167 280 4226 coeptae
291 4168 360 4225 444444,
375 4161 408 4225 cf.
423 4164 457 4213 4444
466 4175 494 4224 p.
509 4165 551 4225 tt,
566 4167 581 4212 8
611 4164 622 4227 11
654 4167 683 4212 ta
703 4165 767 4214 item
780 4177 841 4214 cum
856 4165 917 4227 quis
934 4163 1085 4214 Charondae
