3066 4826
278 355 316 404 De
330 355 388 406 iuro
399 352 460 406 fisci
659 387 743 400 ...-
791 353 851 414 164
894 387 980 402 ...-

279 544 400 622 cogitur
414 561 475 604 na*
493 538 497 624 l
515 564 576 598 *a*
593 563 610 604 o
625 551 661 604 tu
676 539 716 604 ad
731 560 803 602 eum
819 536 952 624 loslssio
967 542 1114 622 peruenit
1133 536 1265 624 litatis*
1283 540 1362 602 Cae-

279 629 359 690 saris
379 628 420 689 ab
440 627 705 690 administratione
729 645 836 688 rerum
851 645 978 689 suarum
993 627 1133 706 itemque
1149 628 1361 690 communium

278 732 385 776 rerum
408 714 595 776 commercio
617 732 680 776 non
702 711 927 812 prohibentur:
954 711 1032 776 adeo
1048 721 1079 774 et
1094 713 1239 812 stipulari
1254 703 1295 773 ab
1311 713 1361 774 his

280 809 311 861 et
326 818 428 862 emere
444 799 633 862 donatnmuc
647 800 789 880 accipere
805 817 983 879 possumus
1002 799 1064 860 nisi
1080 817 1150 860 cum
1168 799 1200 860 in
1215 797 1362 862 fraudem
1429 829 1430 838 ι

242 883 260 944 7
278 886 430 966 portionis
446 885 588 948 Caesaris
608 885 673 948 fiat.
714 885 775 960 ott
794 895 934 947 mutuam
956 885 1124 966 pecuniam
1139 893 1247 946 contra
1262 885 1362 946 inter·
1381 896 1396 941 5

279 970 397 1033 dictum
428 970 636 1051 dispensatori
665 971 827 1034 uicariouo
855 972 923 1032 eius
948 965 1155 1054 credideritll

325 1060 462 1119 perierunt
472 1057 527 1120 tore
539 1062 555 1110 2
567 1057 691 1106 uersiculi·

1115 1090 1148 1150 in
1161 1085 1362 1173 poenaml—

242 1176 505 1255 8-enitur,
540 1177 614 1256 quia
637 1175 722 1256 quod
745 1175 749 1252 l
773 1175 904 1238 credidit
926 1196 989 1238 non
1011 1177 1127 1238 amisit.
1176 1177 1236 1251 Qui
1256 1183 1363 1236 contro

280 1261 415 1324 edictum
438 1262 506 1324 diui
521 1260 655 1342 Augusti
668 1281 734 1324 rem
750 1263 918 1342 litigiosam
934 1281 951 1324 a
967 1281 1027 1322 oon
1039 1261 1219 1343 possidente
1235 1280 1363 1342 compa-

280 1349 372 1427 rauit,
389 1349 706 1430 praeterquamquod
722 1350 839 1428 emptio
854 1349 972 1411 nullius
988 1349 1138 1410 momenti
1151 1357 1208 1424 est,
1227 1365 1361 1428 poenam
1383 1360 1415 1404 ro

280 1435 509 1514 quinquaginta
537 1435 753 1496 sestertiorum
779 1434 852 1496 fisco
882 1445 1121 1514 repraesentare
1152 1433 1359 1514 compellitur.

280 1539 332 1581 res
355 1529 461 1582 autem
482 1520 617 1600 litigiosa
639 1520 785 1598 uidetur,
810 1519 851 1581 de
874 1539 937 1600 qua
958 1521 997 1580 lis
1016 1519 1101 1600 apud
1116 1539 1208 1582 suum
1225 1518 1362 1581 iudicem

280 1605 383 1667 delata
399 1615 457 1668 est.
491 1605 548 1668 sed
571 1607 629 1666 hoc
650 1607 682 1667 in
705 1605 954 1689 prouincialibus
976 1605 1083 1668 fundis
1104 1607 1203 1686 praua
1224 1622 1363 1685 usurpa-

243 1693 260 1751 9
279 1693 365 1753 tione
380 1693 527 1772 optinuit.
559 1690 717 1754 Absentes
733 1691 884 1772 fugitiuos
899 1711 1017 1754 uenum
1034 1691 1103 1754 dari
1119 1701 1173 1754 aut
1188 1693 1362 1771 comparari

279 1778 491 1858 amplissimus
512 1777 588 1839 ordo
611 1777 775 1858 prohibuit
797 1777 982 1840 denuntiata
1005 1780 1037 1839 in
1056 1787 1230 1858 emptorem
1244 1776 1363 1838 uendi·
1384 1791 1415 1836 rs

275 1873 443 2034 torerqque
458 1881 559 1944 poena
575 1865 793 1926 sestertiorum
810 1865 1055 1944 quinquaginta,
1082 1882 1162 1943 quae
1178 1861 1272 1926 hodie
1289 1863 1363 1924 fisco

279 1948 368 2011 uindi
396 1952 498 2033 otum}

720 2103 871 2166 FOLIVM
893 2105 930 2164 II

180 2224 217 2283 lt)
232 2221 264 2280 ll
281 2223 420 2304 lercepto
436 2223 590 2284 castrensi
605 2223 729 2303 peculio
745 2221 827 2284 bona
843 2242 899 2285 sua
914 2222 1056 2284 conferre
1072 2223 1248 2287 debebunt.
1285 2225 1364 2286 Cae-

279 2326 350 2369 sare
365 2327 383 2369 a
398 2306 512 2370 liberto
527 2327 582 2370 suo
598 2327 640 2370 em
655 2327 727 2370 osse
743 2309 861 2370 herede
877 2309 1022 2370 instituto
1035 2309 1101 2390 filio
1118 2311 1186 2372 iure
1198 2309 1239 2372 ad
1250 2311 1363 2372 semis-
1381 2325 1414 2370 ao

279 2413 344 2455 sem
358 2403 504 2455 uocatur:
525 2413 595 2456 eum
611 2395 772 2457 extraneis
786 2414 865 2456 uero
881 2395 1024 2456 instituto
1036 2395 1102 2456 iilic
1114 2415 1153 2458 ex
1165 2398 1294 2458 semisse
1307 2416 1364 2471 ex-

279 2479 408 2556 traneis,
424 2498 487 2541 nou
500 2481 594 2542 etiom
602 2480 727 2542 Caesari
740 2479 906 2542 adcrescit.
925 2480 1010 2560 quod
1022 2482 1048 2542 si
1059 2481 1132 2562 plus
1144 2483 1276 2545 semisse
1285 2483 1364 2544 Cae-

219 2566 260 2632 li
279 2584 331 2628 sar
341 2565 473 2646 accepit,
488 2566 522 2627 in
535 2565 568 2628 id
580 2565 663 2646 quod
675 2567 748 2667 plus
761 2577 808 2628 est
819 2567 915 2628 etiam
923 2567 1047 2629 Caesari
1060 2566 1226 2630 adcrescit.
1251 2569 1363 2630 Liber-

279 2662 329 2714 tae
346 2651 489 2714 Caesaris
510 2661 574 2713 tam
593 2653 839 2714 manumissione
855 2671 949 2733 quam
965 2652 1120 2718 beneficio
1135 2657 1363 2718 coniunctionis

280 2721 449 2800 effectae
424 2757 452 2799 ει
467 2747 600 2800 testatae
616 2737 785 2818 decedant,
812 2738 999 2818 dimidium,
1021 2739 1046 2800 si
1063 2741 1246 2819 intestatae,
1266 2749 1361 2803 totum
1381 2752 1412 2800 ιι

279 2824 352 2885 fisco
372 2821 515 2886 uindicat
502 2833 565 2886 t.ur
613 2843 689 2886 sane
711 2827 811 2905 patris
834 2834 864 2886 et
885 2826 1009 2906 patroni
1033 2826 1213 2906 ignorantis
1227 2829 1277 2889 ius
1298 2846 1361 2889 non

223 2909 259 2970 l3
279 2910 443 2990 minuitur.
482 2908 604 2972 Ancilla
627 2910 770 2972 Caesaris
794 2929 875 2991 quae
898 2912 1041 2991 quinque
1062 2911 1181 2974 liberos
1201 2912 1358 2988 habuerit,

562 2996 618 3059 fere
629 3001 647 3047 5
658 2998 782 3046 uersiculi
791 3001 927 3058 perierant

279 3048 571 3192 dedda—1
590 3129 702 3188 *orem
870 3081 933 3199 les
948 3116 1076 3179 milibus
1098 3029 1361 3202 εΙ-ῃ-ψῗ---ι--ψΙ

801 3251 912 3264 WWVW
1186 3252 1361 3266 ιΛΙΝΛΝνᾺΛΛΙΨ

349 3322 358 3367 t
381 3319 407 3384 ὃ]
422 3340 454 3363 =
468 3321 575 3371 causat
612 3320 624 3382 11
661 3321 731 3386 seio]
746 3322 823 3372 *sior
838 3321 870 3372 0⁸
884 3323 920 3384 (io
936 3322 1034 3373 Codicis
1045 3324 1173 3386 imagine,
1191 3323 1259 3384 qood
1270 3323 1363 3384 impri-

279 3407 400 3456 mendum
412 3408 518 3466 ceroci,
540 3408 845 3468 cosoeecidttpnnotom
857 3408 1134 3473 dotetoriomsqpror)
1183 3408 1194 3470 ll
1240 3407 1314 3470 litte]
1329 3427 1361 3450 -ε

280 3474 442 3525 hereditas?
465 3474 476 3536 ll
501 3487 584 3537 sopra
596 3487 611 3524 c
622 3477 651 3524 io
663 3477 781 3526 caesaris
793 3478 922 3526 iocortmn
933 3479 1032 3539 aliquid
1042 3479 1169 3538 scriptam
1181 3481 1231 3526 est:
1245 3477 1363 3526 Huschke

281 3547 339 3592 onte
351 3544 469 3594 caesaris
480 3544 582 3606 supplet
592 3545 665 3593 serui
676 3557 823 3605 provocans
835 3547 870 3594 cd
885 3547 939 3607 th.
955 3549 996 3604 ιι,
1012 3549 1043 3594 ιι
1081 3544 1092 3606 ΙΙ
1131 3545 1278 3610 tsipulari
1293 3545 1326 3596 0⁸
1353 3542 1364 3610 ll

281 3611 403 3663 accedit
417 3611 448 3662 θ’
485 3611 496 3674 11
536 3613 772 3674 ssopplemeotom
789 3612 864 3678 dupli
884 3615 1046 3664 conuenitur
1064 3615 1098 3664 ad
1115 3615 1238 3664 ambitum
1253 3615 1363 3664 tomam

280 3693 331 3730 noo
342 3681 455 3742 quatior
489 3681 500 3743 n
538 3678 550 3745 ᾗ
564 3683 578 3730 8
597 3683 625 3730 io
640 3679 659 3731 C
672 3683 807 3748 praecedit
820 3695 913 3732 uersus
925 3687 1085 3745 ascriptoro
1097 3683 1292 3744 codiciacum,
1311 3684 1363 3732 nisi

280 3751 347 3810 qood
360 3752 389 3800 io
405 3749 490 3812 [roste
504 3762 641 3800 amomum
653 3749 739 3800 XXVI
755 3752 871 3801 cohibet:
890 3765 964 3813 qoem
975 3753 1094 3801 nitricem
1106 3753 1185 3802 ottoni
1197 3753 1363 3814 accipiendae

281 3819 436 3869 destinatum
446 3817 528 3881 foisse
539 3820 679 3868 uerisimile
690 3824 728 3869 est
757 3819 767 3882 ΙΙ
785 3823 829 3868 ιιι
848 3821 920 3884 quod
934 3820 1022 3870 om.C
1049 3819 1060 3882 ll
1092 3822 1121 3868 ιι
1141 3817 1223 3884 §sio
1238 3820 1362 3872 Cnersos

280 3889 411 3948 scripturo
426 3900 527 3937 nocuos
541 3889 728 3952 proemittitur,
748 3891 776 3937 ιιι
794 3891 868 3938 cuias
884 3889 969 3952 fronte
982 3889 1076 3952 tegitur
1086 3902 1212 3940 mamimus
1225 3888 1360 3952 [XXV]II:

280 3953 313 4016 os
328 3955 398 4016 adp
415 3958 473 4014 463,
488 3957 519 4004 27
558 3955 569 4018 ΙΙ
608 3960 635 4004 st
658 3956 924 4020 uocaturlmoatc
944 3957 955 4019 ll
992 3957 1149 4008 extraneiC
1185 3957 1196 4020 11
1234 3957 1363 4008 filiamex

287 4024 419 4073 emissem
439 4024 597 4076 extraneiC
625 4024 637 4087 ll
666 4029 697 4076 ιι
716 4025 807 4088 etiam]
822 4025 882 4076 etC
911 4026 921 4089 ΙΙ
957 4027 988 4075 ιι
1009 4029 1064 4076 tam
1076 4026 1362 4083 manumissioolsbe-

300 4090 377 4142 oficio
389 4105 471 4155 quam
484 4093 676 4143 coniunctione
688 4107 756 4144 son:
770 4097 800 4144 cte
813 4097 989 4146 coniunctione
1001 4095 1033 4157 cs
1048 4095 1108 4148 Cot.
1126 4096 1215 4146 Ttaod.
1229 4097 1254 4156 ι,
1266 4098 1308 4158 ιι
1321 4091 1364 4160 tl}

299 4162 364 4207 ιιι
376 4159 495 4222 milibus
509 4175 543 4210 ιι
556 4161 643 4212 ιιιιιιι)
660 4161 699 4212 C?
