3028 4830
461 324 463 334 ⁴
556 371 643 382 ...-
687 337 727 398 49
771 371 857 382 ...-.
1039 337 1113 388 Paul.
1129 337 1244 397 Lis-⁸

163 525 318 586 *libertus
341 534 406 603 est,
433 526 486 604 qui
511 534 641 605 patrono
662 503 850 605 obseouium
865 543 927 586 non
948 534 1103 604 praestat,
1127 525 1180 587 uel
1195 544 1246 587 res

163 611 252 673 *eius
269 611 446 672 filiorumue
460 611 590 672 tutelam
607 610 828 672 administrare
845 608 1033 672 detractat*

364 797 396 880 [ιι
441 819 477 859 33
500 819 752 861 rnoevasrcuurvs
775 818 809 860 ur
833 797 1051 880 cocurronnvs]

124 922 136 980 i
250 919 367 979 Omnes
388 918 538 998 insamae,
564 921 619 998 qui
642 919 800 998 postulare
815 917 1042 999 prohibentur,
1068 907 1243 998 cognitores

123 1008 142 1069 2
163 1005 233 1066 fieri
248 1023 310 1065 non
325 1025 418 1084 posse
434 1006 528 1066 etiam
543 1004 724 1066 uolentibus
739 1004 944 1065 aduersariis.
983 1006 1110 1066 Femina
1126 1007 1157 1066 in
1176 1025 1241 1066 rem
1261 1015 1276 1062 3

123 1094 141 1152 3
162 1110 252 1153 suam
268 1093 468 1170 cognitoriam
484 1109 611 1170 operam
634 1092 796 1170 suscipere
814 1109 875 1151 non
891 1089 1083 1170 prohibetur.
1124 1093 1159 1152 ln
1176 1110 1243 1151 rem

162 1195 253 1238 suam
268 1178 409 1256 cognitor
422 1186 645 1256 procuratorue
660 1177 713 1237 ille
730 1177 797 1237 fieri
813 1185 933 1255 potest,
952 1177 1007 1256 qui
1022 1195 1080 1256 pro
1095 1176 1242 1238 omnibus

123 1267 142 1324 4
162 1264 323 1343 postulat!
349 1261 436 1322 Actio
459 1262 587 1324 iudicati
604 1281 666 1322 non
689 1263 789 1323 solum
806 1264 837 1322 in
854 1261 1015 1324 dominum
1034 1272 1088 1324 aut
1103 1262 1239 1340 domino,

161 1349 220 1410 sed
236 1349 329 1409 etiam
345 1348 455 1410 heredi
472 1357 503 1409 et
519 1351 552 1408 in
567 1348 719 1410 heredem
734 1348 837 1410 datur.

496 1519 542 1600 [m
584 1538 621 1579 nu
643 1520 909 1600 rnoovasronrevs]
1260 1529 1291 1574 43

123 1642 134 1699 4
248 1639 386 1702 Mandari
411 1647 514 1720 potest
535 1641 715 1720 procuratio
735 1641 894 1720 praesenti
917 1650 948 1700 et
970 1639 1065 1702 nudis
1086 1637 1195 1701 uerbis
1210 1649 1241 1701 et

160 1744 220 1805 per
235 1725 356 1788 litteras
379 1735 409 1787 et
431 1744 490 1804 per
511 1727 667 1787 nuntium·
680 1732 711 1786 et
726 1725 810 1806 apud
826 1735 893 1786 acta
913 1725 1068 1804 praesidis
1088 1735 1119 1786 et
1141 1727 1242 1804 magi-

120 1815 289 1875 astratus.
329 1819 511 1874 Procurator
533 1821 587 1872 aut
608 1812 648 1873 ad
663 1812 749 1872 litem
772 1821 826 1872 aut
841 1811 881 1872 ad
896 1831 987 1872 omne
1010 1812 1168 1890 negotium
1188 1820 1242 1872 aut

120 1899 137 1959 3
158 1895 199 1957 ad
215 1906 337 1977 partem
353 1898 471 1978 negotii
486 1907 540 1958 aut
554 1897 595 1958 ad
616 1917 667 1960 res
682 1896 946 1974 administrandas
962 1897 1066 1958 datur.
1105 1895 1240 1958 *Volun-

157 1981 279 2044 *tarius
299 1993 497 2062 procurator,
522 1985 626 2062 quise
648 1985 781 2064 negotiis
797 1984 906 2044 alienis
926 1983 1031 2062 offert,
1058 2002 1125 2043 rem
1141 1991 1240 2044 ratam
1259 1991 1290 2038 44

120 2073 138 2130 4
159 2066 341 2130 *dominum
371 2069 551 2130 habiturum
577 2088 691 2130 cauere
713 2069 819 2132 debet.
872 2069 949 2131 Cum
972 2070 1033 2149 qu‘o
1062 2071 1164 2152 opiter
1186 2087 1239 2148 suo

158 2152 315 2233 *oomioe‚
340 2157 369 2217 si
389 2157 421 2216 io
443 2173 507 2215 rem
523 2157 598 2216 actio
622 2163 675 2231 est,
690 2175 749 2235 pro
762 2155 877 2236 praede
898 2155 959 2217 litis
982 2162 1008 2216 et
1028 2155 1239 2217 uindiciarum

158 2239 363 2303 *aduersario
385 2241 538 2304 satisdare
557 2243 674 2324 copitar
696 2249 751 2303 cut
765 2241 931 2304 iudicatum
953 2242 1036 2302 solui.
1048 2275 1200 2285 —
1214 2241 1239 2301 si

158 2324 212 2387 *in
228 2346 394 2406 personam
410 2329 450 2388 sit
472 2329 569 2405 actio,
595 2327 616 2389 d
946 2329 979 2388 in
995 2347 1062 2388 rem
1077 2347 1134 2408 pro
1148 2347 1241 2408 prae·

158 2410 220 2473 *de
236 2413 300 2474 litis
312 2423 343 2474 et
353 2413 1239 2474 condictorum-——-——.
1258 2421 1291 2467 44

119 2497 299 2560 5*Actoris
318 2509 500 2577 procurator
521 2517 585 2559 non
607 2499 706 2559 solum
728 2497 893 2558 absentem
916 2494 1106 2575 defendere,
1132 2495 1189 2557 sed
1209 2507 1240 2558 et

120 2587 138 2644 6
159 2582 247 2644 *rem
263 2594 362 2645 ratam
379 2584 540 2646 dominum
555 2583 740 2646 habiturum
756 2581 909 2644 satisdare
926 2583 1057 2661 cogitur.
1089 2583 1240 2643 Procura-

160 2669 229 2730 *tor
243 2679 412 2750 antequam
429 2703 1078 2716 —————-——
1097 2668 1240 2747 accipere

120 2756 139 2816 7
159 2754 333 2818 *iudicium
352 2789 775 2814 -—-——-——.
817 2754 960 2814 Petitoris
975 2762 1157 2832 procurator
1171 2773 1238 2814 rem

160 2840 277 2902 *ratam
306 2841 467 2902 dominum
495 2837 678 2900 habiturum
701 2837 901 2901 desiderante
935 2837 1116 2900 aduersario
1145 2839 1238 2899 satis·
1256 2848 1288 2895 33

157 2926 253 2990 *dare
275 2925 435 3007 cogendus
451 2935 515 3002 est,
542 2926 617 3005 quia
632 2944 724 2985 nemo
740 2927 773 2986 in
789 2945 824 2986 re
840 2925 942 2986 aliena
958 2923 1091 2984 idoneus
1107 2925 1237 2984 estsine

119 3017 138 3072 8
159 3012 394 3074 *satisdatione
434 3012 558 3074 siseris
580 3030 642 3071 non
658 3010 712 3072 det
733 3020 923 3092 procurator¹
934 3009 1090 3087 absentis,
1113 3010 1193 3070 actio
1208 3011 1237 3071 ei

121 3102 138 3159 9
159 3098 319 3160 *absentis
341 3099 467 3158 nomine
482 3116 543 3158 non
560 3095 664 3157 datur.
700 3095 823 3158 Actoris
838 3104 1022 3176 procurator
1044 3113 1106 3154 non
1122 3096 1155 3154 in
1170 3115 1237 3156 rem

158 3184 267 3247 *suam
290 3183 382 3245 datus
397 3191 526 3263 propter
541 3183 701 3262 impensas
716 3201 794 3261 quas
809 3183 842 3243 in
864 3182 952 3241 litem
969 3179 1042 3242 iecit
1063 3189 1165 3260 potest
1181 3179 1237 3242 de·

159 3269 337 3348 *siderare‚
362 3279 397 3330 ut
419 3267 480 3329 sibi
503 3287 543 3328 ex
559 3267 755 3329 iudicatione
771 3270 847 3329 satis
869 3266 937 3345 fiat,
961 3268 988 3326 si
1010 3265 1157 3327 dominus
1172 3267 1238 3327 litis
1256 3275 1287 3322 so

101 3357 138 3417 40
158 3355 331 3418 *soluendo
346 3374 409 3416 non
425 3355 476 3415 sit.
506 3352 629 3414 Absens
651 3372 724 3415 reus
740 3373 849 3415 causas
865 3353 1024 3414 absentiae
1043 3371 1102 3432 per
1122 3371 1238 3432 procu-

159 3442 315 3503 *ratorem
332 3440 467 3502 reddere
482 3437 619 3521 potest*

160 3595 282 3610 'MN

228 3670 288 3714 onte
300 3669 325 3724 4,
341 3667 353 3712 4
369 3663 545 3713 noscerem.
562 3663 616 3712 Vot.
632 3664 679 3710 eto
705 3660 716 3724 ΙΙ
740 3667 764 3721 3,
780 3665 793 3710 3
808 3682 839 3704 =
857 3662 1013 3713 Consultatio
1027 3664 1050 3721 t,
1064 3663 1077 3708 6
1102 3659 1113 3722 ΙΙ
1137 3664 1161 3721 a,
1177 3661 1190 3708 4

163 3735 217 3785 Vas.
233 3737 282 3782 333
306 3732 317 3795 ιι
343 3736 367 3793 3,
382 3737 396 3782 3
411 3752 442 3774 --
459 3732 533 3783 coos.
549 3734 599 3789 3,7
629 3731 683 3780 Var.
696 3733 745 3780 333
770 3729 780 3792 ιι
805 3736 829 3791 3,
846 3735 905 3780 e=
920 3731 974 3780 Ver.
988 3727 1035 3778 sat
1061 3729 1072 3792 ῃ
1096 3732 1120 3787 3,
1136 3732 1159 3778 r.
1176 3731 1190 3776 3
1230 3779 1232 3788 ,

162 3803 238 3854 eoos.
254 3806 279 3864 3,
295 3805 348 3850 ae
372 3801 383 3865 14
408 3800 579 3862 a,o=Dep.
595 3803 619 3862 3,
635 3803 660 3861 3,
676 3794 706 3848 to
731 3799 742 3862 u
767 3804 791 3860 3,
808 3800 956 3862 ro=1up
973 3803 997 3860 3,
1013 3803 1038 3859 3,
1052 3800 1079 3845 rr

161 3923 212 3935 x'vv
225 3929 230 3932 .
241 3920 488 3932 αυνυννυννυυνυαυν
495 3913 1237 3931 ιαυννυυυυνννιΝννννννννΝνννννυννννννννννκΝννννν·

229 4012 372 4071 3procur.
387 4009 414 4056 et
430 4007 478 4056 del.
498 4007 617 4058 03433433
652 4005 663 4068 ΙΙ
698 4005 911 4069 spossuntedd.
948 4002 960 4066 41
996 4007 1022 4052 44
1045 4003 1189 4067 praesenti]
1210 4004 1237 4051 et

159 4077 293 4141 praesenti
313 4079 339 4124 et
356 4075 460 4126 absenti
475 4075 591 4125 Huschke
625 4074 636 4137 ΙΙ
671 4077 702 4123 40
721 4074 886 4123 iudicatione
900 4072 940 4133 F1,
960 4073 1071 4123 iudicati
1084 4074 1191 4122 actione
1204 4067 1237 4119 Fi

159 4159 218 4196 cum
232 4144 339 4195 (4333343
367 4143 378 4207 ΙΙ
408 4148 435 4193 34
453 4157 549 4194 causes
561 4143 901 4208 entiaeproeuratoremF

1018 4230 1031 4275 t
