<?xml version="1.0" encoding="UTF-8"?>
<!DOCTYPE html PUBLIC "-//W3C//DTD XHTML 1.0 Transitional//EN"
    "http://www.w3.org/TR/xhtml1/DTD/xhtml1-transitional.dtd">
<html xmlns="http://www.w3.org/1999/xhtml" xml:lang="en" lang="en">
 <head>
  <title>
</title>
<meta http-equiv="Content-Type" content="text/html;charset=utf-8" />
  <meta name='ocr-system' content='tesseract 3.04.00' />
  <meta name='ocr-capabilities' content='ocr_page ocr_carea ocr_par ocr_line ocrx_word'/>
</head>
<body>
  <div class='ocr_page' id='page_1' title='image "./ulpianilibersin00kruegoog_0097.png"; bbox 0 0 3066 4826; ppageno 0'>
   <div class='ocr_carea' id='block_1_1' title="bbox 290 353 982 416">
    <p class='ocr_par' dir='ltr' id='par_1_1' title="bbox 290 353 982 416">
     <span class='ocr_line' id='line_1_1' title="bbox 290 353 982 416; baseline -0.009 -10"><span class='ocrx_word' id='word_1_1' title='bbox 290 355 366 406; x_wconf 75' lang='lat' dir='ltr'><strong>Paul.</strong></span> <span class='ocrx_word' id='word_1_2' title='bbox 379 355 427 416; x_wconf 95' lang='grc' dir='ltr'><strong>ΙΙΙ,</strong></span> <span class='ocrx_word' id='word_1_3' title='bbox 441 357 512 405; x_wconf 67' lang='lat' dir='ltr'><strong>iub</strong></span> <span class='ocrx_word' id='word_1_4' title='bbox 681 387 768 400; x_wconf 88' lang='grc'><strong><em>.-.-.</em></strong></span> <span class='ocrx_word' id='word_1_5' title='bbox 811 353 850 415; x_wconf 80' lang='grc'><strong>84</strong></span> <span class='ocrx_word' id='word_1_6' title='bbox 895 387 982 400; x_wconf 72' lang='grc'>...-</span> 
     </span>
    </p>
   </div>
   <div class='ocr_carea' id='block_1_2' title="bbox 217 541 1515 2599">
    <p class='ocr_par' dir='ltr' id='par_1_2' title="bbox 252 541 1374 710">
     <span class='ocr_line' id='line_1_2' title="bbox 252 541 1374 622; baseline 0 -18"><span class='ocrx_word' id='word_1_7' title='bbox 252 544 411 605; x_wconf 83' lang='lat' dir='ltr'><strong>7Seruus</strong></span> <span class='ocrx_word' id='word_1_8' title='bbox 432 543 556 605; x_wconf 82' lang='lat' dir='ltr'><strong>alienus</strong></span> <span class='ocrx_word' id='word_1_9' title='bbox 577 561 648 622; x_wconf 84' lang='lat' dir='ltr'><strong>cum</strong></span> <span class='ocrx_word' id='word_1_10' title='bbox 671 541 817 604; x_wconf 89' lang='lat' dir='ltr'><strong>libertate</strong></span> <span class='ocrx_word' id='word_1_11' title='bbox 839 543 933 604; x_wconf 86' lang='lat' dir='ltr'><strong>heres</strong></span> <span class='ocrx_word' id='word_1_12' title='bbox 954 544 1120 604; x_wconf 82' lang='lat' dir='ltr'><strong>institutus</strong></span> <span class='ocrx_word' id='word_1_13' title='bbox 1141 543 1374 604; x_wconf 86' lang='lat' dir='ltr'><strong>iustitutionem</strong></span> 
     </span>
     <span class='ocr_line' id='line_1_3' title="bbox 289 627 1372 710; baseline 0.002 -20"><span class='ocrx_word' id='word_1_14' title='bbox 289 648 352 690; x_wconf 89' lang='lat' dir='ltr'><strong>uon</strong></span> <span class='ocrx_word' id='word_1_15' title='bbox 368 628 523 690; x_wconf 82' lang='lat' dir='ltr'><strong>infirmat:</strong></span> <span class='ocrx_word' id='word_1_16' title='bbox 542 627 599 690; x_wconf 88' lang='lat' dir='ltr'><strong>sed</strong></span> <span class='ocrx_word' id='word_1_17' title='bbox 614 627 744 690; x_wconf 85' lang='lat' dir='ltr'><strong>libertas</strong></span> <span class='ocrx_word' id='word_1_18' title='bbox 758 639 794 690; x_wconf 85' lang='lat' dir='ltr'><strong>ut</strong></span> <span class='ocrx_word' id='word_1_19' title='bbox 808 629 913 690; x_wconf 86' lang='lat' dir='ltr'><strong>alieno</strong></span> <span class='ocrx_word' id='word_1_20' title='bbox 926 645 1126 710; x_wconf 82' lang='lat' dir='ltr'><strong>superuacue</strong></span> <span class='ocrx_word' id='word_1_21' title='bbox 1140 627 1215 692; x_wconf 86' lang='lat' dir='ltr'><strong>data</strong></span> <span class='ocrx_word' id='word_1_22' title='bbox 1227 627 1372 692; x_wconf 88' lang='lat' dir='ltr'><strong>uidetur.</strong></span> 
     </span>
    </p>

    <p class='ocr_par' dir='ltr' id='par_1_3' title="bbox 253 713 1408 964">
     <span class='ocr_line' id='line_1_4' title="bbox 253 713 1374 794; baseline 0 -18"><span class='ocrx_word' id='word_1_23' title='bbox 253 717 272 776; x_wconf 86' lang='lat'><strong>8</strong></span> <span class='ocrx_word' id='word_1_24' title='bbox 290 715 366 776; x_wconf 80' lang='lat' dir='ltr'><strong>Filio</strong></span> <span class='ocrx_word' id='word_1_25' title='bbox 381 724 415 776; x_wconf 90' lang='lat' dir='ltr'><strong>et</strong></span> <span class='ocrx_word' id='word_1_26' title='bbox 429 723 579 776; x_wconf 80' lang='lat' dir='ltr'><strong>extraneo</strong></span> <span class='ocrx_word' id='word_1_27' title='bbox 594 715 706 794; x_wconf 87' lang='lat' dir='ltr'><strong>aequis</strong></span> <span class='ocrx_word' id='word_1_28' title='bbox 720 713 867 794; x_wconf 88' lang='lat' dir='ltr'><strong>partibus</strong></span> <span class='ocrx_word' id='word_1_29' title='bbox 880 713 1053 776; x_wconf 76' lang='lat' dir='ltr'><strong>heredibus</strong></span> <span class='ocrx_word' id='word_1_30' title='bbox 1068 715 1222 776; x_wconf 88' lang='lat' dir='ltr'><strong>institutis</strong></span> <span class='ocrx_word' id='word_1_31' title='bbox 1235 716 1262 776; x_wconf 87' lang='lat' dir='ltr'><strong>si</strong></span> <span class='ocrx_word' id='word_1_32' title='bbox 1277 734 1374 794; x_wconf 90' lang='lat' dir='ltr'><strong>prae-</strong></span> 
     </span>
     <span class='ocr_line' id='line_1_5' title="bbox 289 799 1372 880; baseline 0 -18"><span class='ocrx_word' id='word_1_33' title='bbox 289 803 383 862; x_wconf 90' lang='lat' dir='ltr'><strong>terita</strong></span> <span class='ocrx_word' id='word_1_34' title='bbox 397 799 579 877; x_wconf 76' lang='lat' dir='ltr'><strong>adcrescat,</strong></span> <span class='ocrx_word' id='word_1_35' title='bbox 596 809 719 862; x_wconf 88' lang='lat' dir='ltr'><strong>tantum</strong></span> <span class='ocrx_word' id='word_1_36' title='bbox 734 819 792 862; x_wconf 87' lang='lat' dir='ltr'><strong>suo</strong></span> <span class='ocrx_word' id='word_1_37' title='bbox 806 800 968 878; x_wconf 74' lang='lat' dir='ltr'><strong>enecabit,</strong></span> <span class='ocrx_word' id='word_1_38' title='bbox 987 811 1142 880; x_wconf 90' lang='lat' dir='ltr'><strong>quantum</strong></span> <span class='ocrx_word' id='word_1_39' title='bbox 1157 811 1325 862; x_wconf 80' lang='lat' dir='ltr'><strong>extraneo:</strong></span> <span class='ocrx_word' id='word_1_40' title='bbox 1345 804 1372 862; x_wconf 92' lang='lat' dir='ltr'><strong>si</strong></span> 
     </span>
     <span class='ocr_line' id='line_1_6' title="bbox 289 885 1408 964; baseline -0.003 -16"><span class='ocrx_word' id='word_1_41' title='bbox 289 905 366 948; x_wconf 87' lang='lat' dir='ltr'><strong>uero</strong></span> <span class='ocrx_word' id='word_1_42' title='bbox 380 885 444 948; x_wconf 93' lang='lat' dir='ltr'><strong>duo</strong></span> <span class='ocrx_word' id='word_1_43' title='bbox 459 888 524 948; x_wconf 88' lang='lat' dir='ltr'><strong>siut</strong></span> <span class='ocrx_word' id='word_1_44' title='bbox 538 886 596 946; x_wconf 85' lang='lat' dir='ltr'><strong>filii</strong></span> <span class='ocrx_word' id='word_1_45' title='bbox 618 887 771 963; x_wconf 88' lang='lat' dir='ltr'><strong>instituti,</strong></span> <span class='ocrx_word' id='word_1_46' title='bbox 790 887 858 948; x_wconf 88' lang='lat' dir='ltr'><strong>suis</strong></span> <span class='ocrx_word' id='word_1_47' title='bbox 873 887 1012 964; x_wconf 79' lang='lat' dir='ltr'><strong>tertiam,</strong></span> <span class='ocrx_word' id='word_1_48' title='bbox 1029 887 1191 948; x_wconf 86' lang='lat' dir='ltr'><strong>extraneis</strong></span> <span class='ocrx_word' id='word_1_49' title='bbox 1205 885 1372 950; x_wconf 87' lang='lat' dir='ltr'><strong>dimidiam</strong></span> <span class='ocrx_word' id='word_1_50' title='bbox 1393 900 1408 945; x_wconf 85' lang='lat'><strong>5</strong></span> 
     </span>
    </p>

    <p class='ocr_par' dir='ltr' id='par_1_4' title="bbox 252 973 1372 1136">
     <span class='ocr_line' id='line_1_7' title="bbox 252 973 1372 1052; baseline 0 -18"><span class='ocrx_word' id='word_1_51' title='bbox 252 976 270 1034; x_wconf 82' lang='lat'><strong>9</strong></span> <span class='ocrx_word' id='word_1_52' title='bbox 287 973 388 1034; x_wconf 88' lang='lat' dir='ltr'><strong>tollet.</strong></span> <span class='ocrx_word' id='word_1_53' title='bbox 431 973 515 1035; x_wconf 81' lang='lat' dir='ltr'><strong>Talis</strong></span> <span class='ocrx_word' id='word_1_54' title='bbox 529 982 745 1052; x_wconf 88' lang='lat' dir='ltr'><strong>postumcrum</strong></span> <span class='ocrx_word' id='word_1_55' title='bbox 761 973 934 1036; x_wconf 88' lang='lat' dir='ltr'><strong>institutio:</strong></span> <span class='ocrx_word' id='word_1_56' title='bbox 960 991 987 1032; x_wconf 89' lang='lat' dir='ltr'><strong>s1</strong></span> <span class='ocrx_word' id='word_1_57' title='bbox 1001 991 1052 1044; x_wconf 81' lang='lat' dir='ltr'><strong>cu</strong></span> <span class='ocrx_word' id='word_1_58' title='bbox 1067 991 1140 1034; x_wconf 80' lang='lat' dir='ltr'><strong>rosr</strong></span> <span class='ocrx_word' id='word_1_59' title='bbox 1153 990 1276 1036; x_wconf 76' lang='lat' dir='ltr'><strong>roam</strong></span> <span class='ocrx_word' id='word_1_60' title='bbox 1290 993 1372 1034; x_wconf 75' lang='lat' dir='ltr'><strong>man</strong></span> 
     </span>
     <span class='ocr_line' id='line_1_8' title="bbox 286 1059 1369 1136; baseline -0.001 -17"><span class='ocrx_word' id='word_1_61' title='bbox 286 1077 410 1120; x_wconf 71' lang='lat' dir='ltr'><strong>rosum</strong></span> <span class='ocrx_word' id='word_1_62' title='bbox 437 1078 506 1120; x_wconf 78' lang='lat' dir='ltr'><strong>rari</strong></span> <span class='ocrx_word' id='word_1_63' title='bbox 526 1077 667 1136; x_wconf 77' lang='lat' dir='ltr'><strong>rvmsr,</strong></span> <span class='ocrx_word' id='word_1_64' title='bbox 695 1077 825 1120; x_wconf 74' lang='lat' dir='ltr'><strong>mesore</strong></span> <span class='ocrx_word' id='word_1_65' title='bbox 846 1077 953 1120; x_wconf 78' lang='lat' dir='ltr'><strong>emo:</strong></span> <span class='ocrx_word' id='word_1_66' title='bbox 982 1059 1010 1120; x_wconf 92' lang='lat' dir='ltr'><strong>si</strong></span> <span class='ocrx_word' id='word_1_67' title='bbox 1031 1059 1107 1120; x_wconf 88' lang='lat' dir='ltr'><strong>uiuo</strong></span> <span class='ocrx_word' id='word_1_68' title='bbox 1129 1077 1167 1119; x_wconf 88' lang='lat' dir='ltr'><strong>eo</strong></span> <span class='ocrx_word' id='word_1_69' title='bbox 1185 1068 1369 1136; x_wconf 83' lang='lat' dir='ltr'><strong>nascautur,</strong></span> 
     </span>
    </p>

    <p class='ocr_par' dir='ltr' id='par_1_5' title="bbox 231 1145 1424 1398">
     <span class='ocr_line' id='line_1_9' title="bbox 231 1145 1373 1225; baseline 0.001 -20"><span class='ocrx_word' id='word_1_70' title='bbox 231 1147 269 1206; x_wconf 85' lang='grc' dir='ltr'><strong>Ιθ</strong></span> <span class='ocrx_word' id='word_1_71' title='bbox 286 1155 440 1224; x_wconf 85' lang='lat' dir='ltr'><strong>rumpunt</strong></span> <span class='ocrx_word' id='word_1_72' title='bbox 453 1153 687 1206; x_wconf 89' lang='lat' dir='ltr'><strong>testamentum.</strong></span> <span class='ocrx_word' id='word_1_73' title='bbox 724 1146 828 1224; x_wconf 82' lang='lat' dir='ltr'><strong>Nepos</strong></span> <span class='ocrx_word' id='word_1_74' title='bbox 842 1154 1017 1224; x_wconf 84' lang='lat' dir='ltr'><strong>postumus,</strong></span> <span class='ocrx_word' id='word_1_75' title='bbox 1034 1147 1090 1225; x_wconf 93' lang='lat' dir='ltr'><strong>qui</strong></span> <span class='ocrx_word' id='word_1_76' title='bbox 1106 1145 1257 1206; x_wconf 82' lang='lat' dir='ltr'><strong>inlocum</strong></span> <span class='ocrx_word' id='word_1_77' title='bbox 1272 1145 1373 1224; x_wconf 87' lang='lat' dir='ltr'><strong>patris</strong></span> 
     </span>
     <span class='ocr_line' id='line_1_10' title="bbox 287 1229 1372 1310; baseline 0 -18"><span class='ocrx_word' id='word_1_78' title='bbox 287 1230 460 1292; x_wconf 75' lang='lat' dir='ltr'><strong>succedere</strong></span> <span class='ocrx_word' id='word_1_79' title='bbox 482 1241 600 1310; x_wconf 91' lang='lat' dir='ltr'><strong>potest,</strong></span> <span class='ocrx_word' id='word_1_80' title='bbox 625 1229 666 1292; x_wconf 93' lang='lat' dir='ltr'><strong>ab</strong></span> <span class='ocrx_word' id='word_1_81' title='bbox 681 1249 741 1292; x_wconf 89' lang='lat' dir='ltr'><strong>auo</strong></span> <span class='ocrx_word' id='word_1_82' title='bbox 755 1239 810 1292; x_wconf 92' lang='lat' dir='ltr'><strong>aut</strong></span> <span class='ocrx_word' id='word_1_83' title='bbox 832 1230 926 1292; x_wconf 89' lang='lat' dir='ltr'><strong>heres</strong></span> <span class='ocrx_word' id='word_1_84' title='bbox 940 1229 1158 1292; x_wconf 88' lang='lat' dir='ltr'><strong>instituendus</strong></span> <span class='ocrx_word' id='word_1_85' title='bbox 1178 1240 1228 1292; x_wconf 88' lang='lat' dir='ltr'><strong>est</strong></span> <span class='ocrx_word' id='word_1_86' title='bbox 1242 1239 1298 1306; x_wconf 86' lang='lat' dir='ltr'><strong>aut¹</strong></span> <span class='ocrx_word' id='word_1_87' title='bbox 1312 1250 1372 1292; x_wconf 89' lang='lat' dir='ltr'><strong>uo-</strong></span> 
     </span>
     <span class='ocr_line' id='line_1_11' title="bbox 288 1315 1424 1398; baseline -0.002 -22"><span class='ocrx_word' id='word_1_88' title='bbox 288 1317 432 1378; x_wconf 88' lang='lat' dir='ltr'><strong>minatim</strong></span> <span class='ocrx_word' id='word_1_89' title='bbox 447 1316 701 1393; x_wconf 84' lang='lat' dir='ltr'><strong>exheredandus,</strong></span> <span class='ocrx_word' id='word_1_90' title='bbox 718 1335 760 1377; x_wconf 90' lang='lat' dir='ltr'><strong>ne</strong></span> <span class='ocrx_word' id='word_1_91' title='bbox 775 1315 974 1398; x_wconf 79' lang='lat' dir='ltr'><strong>agnascendo</strong></span> <span class='ocrx_word' id='word_1_92' title='bbox 989 1327 1117 1396; x_wconf 84' lang='lat' dir='ltr'><strong>rumpat</strong></span> <span class='ocrx_word' id='word_1_93' title='bbox 1130 1325 1367 1378; x_wconf 79' lang='lat' dir='ltr'><strong>testamentum.</strong></span> <span class='ocrx_word' id='word_1_94' title='bbox 1392 1329 1424 1374; x_wconf 79' lang='lat' dir='ltr'><strong>to</strong></span> 
     </span>
    </p>

    <p class='ocr_par' dir='ltr' id='par_1_6' title="bbox 217 1401 1371 1655">
     <span class='ocr_line' id='line_1_12' title="bbox 217 1401 1371 1482; baseline 0.002 -20"><span class='ocrx_word' id='word_1_95' title='bbox 217 1405 271 1463; x_wconf 83' lang='lat' dir='ltr'><strong>to·</strong></span> <span class='ocrx_word' id='word_1_96' title='bbox 286 1401 402 1464; x_wconf 80' lang='lat' dir='ltr'><strong>*Filius</strong></span> <span class='ocrx_word' id='word_1_97' title='bbox 417 1401 551 1465; x_wconf 75' lang='lat' dir='ltr'><strong>familias</strong></span> <span class='ocrx_word' id='word_1_98' title='bbox 566 1403 594 1464; x_wconf 91' lang='lat' dir='ltr'><strong>si</strong></span> <span class='ocrx_word' id='word_1_99' title='bbox 609 1403 741 1480; x_wconf 89' lang='lat' dir='ltr'><strong>militet,</strong></span> <span class='ocrx_word' id='word_1_100' title='bbox 764 1412 799 1464; x_wconf 93' lang='lat' dir='ltr'><strong>ut</strong></span> <span class='ocrx_word' id='word_1_101' title='bbox 813 1422 957 1482; x_wconf 81' lang='lat' dir='ltr'><strong>paganus</strong></span> <span class='ocrx_word' id='word_1_102' title='bbox 971 1403 1156 1465; x_wconf 88' lang='lat' dir='ltr'><strong>nominatim</strong></span> <span class='ocrx_word' id='word_1_103' title='bbox 1178 1412 1301 1482; x_wconf 82' lang='lat' dir='ltr'><strong>epatre</strong></span> <span class='ocrx_word' id='word_1_104' title='bbox 1316 1413 1371 1464; x_wconf 89' lang='lat' dir='ltr'><strong>aut</strong></span> 
     </span>
     <span class='ocr_line' id='line_1_13' title="bbox 286 1487 1370 1567; baseline -0.002 -17"><span class='ocrx_word' id='word_1_105' title='bbox 286 1487 398 1550; x_wconf 80' lang='lat' dir='ltr'><strong>*heres</strong></span> <span class='ocrx_word' id='word_1_106' title='bbox 419 1488 516 1550; x_wconf 86' lang='lat' dir='ltr'><strong>scribi</strong></span> <span class='ocrx_word' id='word_1_107' title='bbox 538 1500 593 1550; x_wconf 92' lang='lat' dir='ltr'><strong>aut</strong></span> <span class='ocrx_word' id='word_1_108' title='bbox 613 1487 802 1550; x_wconf 86' lang='lat' dir='ltr'><strong>exheredari</strong></span> <span class='ocrx_word' id='word_1_109' title='bbox 824 1487 938 1567; x_wconf 89' lang='lat' dir='ltr'><strong>debet,</strong></span> <span class='ocrx_word' id='word_1_110' title='bbox 964 1490 1026 1551; x_wconf 86' lang='lat' dir='ltr'><strong>iam</strong></span> <span class='ocrx_word' id='word_1_111' title='bbox 1043 1487 1166 1550; x_wconf 88' lang='lat' dir='ltr'><strong>subiato</strong></span> <span class='ocrx_word' id='word_1_112' title='bbox 1182 1487 1286 1550; x_wconf 89' lang='lat' dir='ltr'><strong>edicto</strong></span> <span class='ocrx_word' id='word_1_113' title='bbox 1301 1487 1370 1550; x_wconf 93' lang='lat' dir='ltr'><strong>diui</strong></span> 
     </span>
     <span class='ocr_line' id='line_1_14' title="bbox 286 1572 1371 1655; baseline 0.001 -21"><span class='ocrx_word' id='word_1_114' title='bbox 286 1572 449 1654; x_wconf 79' lang='lat' dir='ltr'><strong>*Augusti,</strong></span> <span class='ocrx_word' id='word_1_115' title='bbox 467 1593 530 1655; x_wconf 91' lang='lat' dir='ltr'><strong>quo</strong></span> <span class='ocrx_word' id='word_1_116' title='bbox 544 1584 673 1637; x_wconf 84' lang='lat' dir='ltr'><strong>cautum</strong></span> <span class='ocrx_word' id='word_1_117' title='bbox 685 1573 798 1646; x_wconf 84' lang='lat' dir='ltr'><strong>iuerat,</strong></span> <span class='ocrx_word' id='word_1_118' title='bbox 817 1593 857 1634; x_wconf 90' lang='lat' dir='ltr'><strong>ne</strong></span> <span class='ocrx_word' id='word_1_119' title='bbox 872 1584 964 1653; x_wconf 89' lang='lat' dir='ltr'><strong>pater</strong></span> <span class='ocrx_word' id='word_1_120' title='bbox 975 1575 1075 1636; x_wconf 81' lang='lat' dir='ltr'><strong>tilium</strong></span> <span class='ocrx_word' id='word_1_121' title='bbox 1090 1575 1221 1636; x_wconf 89' lang='lat' dir='ltr'><strong>militem</strong></span> <span class='ocrx_word' id='word_1_122' title='bbox 1233 1573 1371 1636; x_wconf 85' lang='lat' dir='ltr'><strong>exhere-</strong></span> 
     </span>
    </p>

    <p class='ocr_par' dir='ltr' id='par_1_7' title="bbox 231 1658 1515 1826">
     <span class='ocr_line' id='line_1_15' title="bbox 231 1658 1515 1750; baseline 0.002 -30"><span class='ocrx_word' id='word_1_123' title='bbox 231 1662 263 1720; x_wconf 87' lang='grc' dir='ltr'><strong>ΙΙ</strong></span> <span class='ocrx_word' id='word_1_124' title='bbox 286 1658 391 1722; x_wconf 80' lang='lat' dir='ltr'><strong>*det*</strong></span> <span class='ocrx_word' id='word_1_125' title='bbox 425 1661 486 1733; x_wconf 87' lang='lat' dir='ltr'><strong>Qui</strong></span> <span class='ocrx_word' id='word_1_126' title='bbox 501 1661 599 1722; x_wconf 89' lang='lat' dir='ltr'><strong>semel</strong></span> <span class='ocrx_word' id='word_1_127' title='bbox 613 1660 775 1722; x_wconf 89' lang='lat' dir='ltr'><strong>constituit</strong></span> <span class='ocrx_word' id='word_1_128' title='bbox 790 1659 831 1722; x_wconf 90' lang='lat' dir='ltr'><strong>ad</strong></span> <span class='ocrx_word' id='word_1_129' title='bbox 851 1679 886 1721; x_wconf 87' lang='lat' dir='ltr'><strong>se</strong></span> <span class='ocrx_word' id='word_1_130' title='bbox 902 1658 1111 1724; x_wconf 85' lang='lat' dir='ltr'><strong>hereditatem</strong></span> <span class='ocrx_word' id='word_1_131' title='bbox 1126 1661 1307 1741; x_wconf 87' lang='lat' dir='ltr'><strong>pertinere,</strong></span> <span class='ocrx_word' id='word_1_132' title='bbox 1333 1679 1370 1722; x_wconf 87' lang='lat' dir='ltr'><strong>ac</strong></span> <span class='ocrx_word' id='word_1_133' title='bbox 1514 1729 1515 1750; x_wconf 22' lang='lat'>¹</span> 
     </span>
     <span class='ocr_line' id='line_1_16' title="bbox 287 1744 1515 1826; baseline -0.003 -20"><span class='ocrx_word' id='word_1_134' title='bbox 287 1764 320 1808; x_wconf 92' lang='lat' dir='ltr'><strong>se</strong></span> <span class='ocrx_word' id='word_1_135' title='bbox 337 1748 406 1808; x_wconf 91' lang='lat' dir='ltr'><strong>eius</strong></span> <span class='ocrx_word' id='word_1_136' title='bbox 423 1746 521 1808; x_wconf 89' lang='lat' dir='ltr'><strong>rebus</strong></span> <span class='ocrx_word' id='word_1_137' title='bbox 536 1747 722 1824; x_wconf 82' lang='lat' dir='ltr'><strong>immiscuit,</strong></span> <span class='ocrx_word' id='word_1_138' title='bbox 747 1744 918 1826; x_wconf 83' lang='lat' dir='ltr'><strong>repudiare</strong></span> <span class='ocrx_word' id='word_1_139' title='bbox 940 1766 1010 1808; x_wconf 90' lang='lat' dir='ltr'><strong>eam</strong></span> <span class='ocrx_word' id='word_1_140' title='bbox 1026 1765 1089 1808; x_wconf 88' lang='lat' dir='ltr'><strong>uon</strong></span> <span class='ocrx_word' id='word_1_141' title='bbox 1103 1755 1225 1826; x_wconf 91' lang='lat' dir='ltr'><strong>potest,</strong></span> <span class='ocrx_word' id='word_1_142' title='bbox 1245 1747 1369 1807; x_wconf 89' lang='lat' dir='ltr'><strong>etiamsi</strong></span> <span class='ocrx_word' id='word_1_143' title='bbox 1391 1758 1421 1804; x_wconf 80' lang='lat' dir='ltr'><strong>tt</strong></span> <span class='ocrx_word' id='word_1_144' title='bbox 1514 1791 1515 1802; x_wconf 67' lang='grc'><strong>,</strong></span> 
     </span>
    </p>

    <p class='ocr_par' dir='ltr' id='par_1_8' title="bbox 230 1830 1370 2082">
     <span class='ocr_line' id='line_1_17' title="bbox 230 1830 1369 1912; baseline 0.003 -22"><span class='ocrx_word' id='word_1_145' title='bbox 230 1835 268 1896; x_wconf 64' lang='grc' dir='ltr'><strong>ΙΙ</strong></span> <span class='ocrx_word' id='word_1_146' title='bbox 286 1830 437 1894; x_wconf 89' lang='lat' dir='ltr'><strong>damnosa</strong></span> <span class='ocrx_word' id='word_1_147' title='bbox 459 1833 511 1894; x_wconf 90' lang='lat' dir='ltr'><strong>sit.</strong></span> <span class='ocrx_word' id='word_1_148' title='bbox 547 1831 656 1896; x_wconf 79' lang='lat' dir='ltr'><strong>*Pater</strong></span> <span class='ocrx_word' id='word_1_149' title='bbox 671 1833 820 1912; x_wconf 89' lang='lat' dir='ltr'><strong>quotiens</strong></span> <span class='ocrx_word' id='word_1_150' title='bbox 835 1832 898 1894; x_wconf 85' lang='lat' dir='ltr'><strong>iilio</strong></span> <span class='ocrx_word' id='word_1_151' title='bbox 913 1831 1043 1894; x_wconf 88' lang='lat' dir='ltr'><strong>mandat</strong></span> <span class='ocrx_word' id='word_1_152' title='bbox 1057 1831 1157 1911; x_wconf 91' lang='lat' dir='ltr'><strong>adire,</strong></span> <span class='ocrx_word' id='word_1_153' title='bbox 1174 1841 1282 1893; x_wconf 86' lang='lat' dir='ltr'><strong>certus</strong></span> <span class='ocrx_word' id='word_1_154' title='bbox 1298 1851 1369 1893; x_wconf 88' lang='lat' dir='ltr'><strong>esse</strong></span> 
     </span>
     <span class='ocr_line' id='line_1_18' title="bbox 285 1916 1370 2002; baseline 0 -24"><span class='ocrx_word' id='word_1_155' title='bbox 285 1916 418 1997; x_wconf 82' lang='lat' dir='ltr'><strong>*debet,</strong></span> <span class='ocrx_word' id='word_1_156' title='bbox 442 1937 482 1980; x_wconf 91' lang='lat' dir='ltr'><strong>an</strong></span> <span class='ocrx_word' id='word_1_157' title='bbox 498 1938 555 1998; x_wconf 92' lang='lat' dir='ltr'><strong>pro</strong></span> <span class='ocrx_word' id='word_1_158' title='bbox 570 1928 659 1999; x_wconf 88' lang='lat' dir='ltr'><strong>parte</strong></span> <span class='ocrx_word' id='word_1_159' title='bbox 675 1936 715 1980; x_wconf 88' lang='lat' dir='ltr'><strong>au</strong></span> <span class='ocrx_word' id='word_1_160' title='bbox 731 1937 771 1978; x_wconf 84' lang='lat' dir='ltr'><strong>ex</strong></span> <span class='ocrx_word' id='word_1_161' title='bbox 786 1937 872 1998; x_wconf 87' lang='lat' dir='ltr'><strong>asse,</strong></span> <span class='ocrx_word' id='word_1_162' title='bbox 900 1929 932 1980; x_wconf 90' lang='lat' dir='ltr'><strong>et</strong></span> <span class='ocrx_word' id='word_1_163' title='bbox 948 1937 988 1980; x_wconf 90' lang='lat' dir='ltr'><strong>an</strong></span> <span class='ocrx_word' id='word_1_164' title='bbox 1004 1937 1045 1978; x_wconf 83' lang='lat' dir='ltr'><strong>ex</strong></span> <span class='ocrx_word' id='word_1_165' title='bbox 1058 1919 1258 2002; x_wconf 80' lang='lat' dir='ltr'><strong>institutione</strong></span> <span class='ocrx_word' id='word_1_166' title='bbox 1273 1937 1314 1980; x_wconf 90' lang='lat' dir='ltr'><strong>an</strong></span> <span class='ocrx_word' id='word_1_167' title='bbox 1330 1937 1370 1980; x_wconf 85' lang='lat' dir='ltr'><strong>ex</strong></span> 
     </span>
     <span class='ocr_line' id='line_1_19' title="bbox 285 2002 1370 2082; baseline 0.001 -18"><span class='ocrx_word' id='word_1_168' title='bbox 285 2002 539 2082; x_wconf 62' lang='lat' dir='ltr'><strong>*substitutione</strong></span> <span class='ocrx_word' id='word_1_169' title='bbox 566 2013 660 2066; x_wconf 84' lang='lat' dir='ltr'><strong>etan</strong></span> <span class='ocrx_word' id='word_1_170' title='bbox 681 2012 868 2066; x_wconf 91' lang='lat' dir='ltr'><strong>testamento</strong></span> <span class='ocrx_word' id='word_1_171' title='bbox 889 2023 929 2066; x_wconf 91' lang='lat' dir='ltr'><strong>an</strong></span> <span class='ocrx_word' id='word_1_172' title='bbox 951 2003 992 2066; x_wconf 92' lang='lat' dir='ltr'><strong>ab</strong></span> <span class='ocrx_word' id='word_1_173' title='bbox 1015 2005 1163 2066; x_wconf 87' lang='lat' dir='ltr'><strong>intestato</strong></span> <span class='ocrx_word' id='word_1_174' title='bbox 1184 2003 1269 2065; x_wconf 89' lang='lat' dir='ltr'><strong>filius</strong></span> <span class='ocrx_word' id='word_1_175' title='bbox 1291 2022 1370 2065; x_wconf 90' lang='lat' dir='ltr'><strong>suus</strong></span> 
     </span>
    </p>

    <p class='ocr_par' dir='ltr' id='par_1_9' title="bbox 230 2089 1419 2428">
     <span class='ocr_line' id='line_1_20' title="bbox 230 2089 1371 2170; baseline 0 -20"><span class='ocrx_word' id='word_1_176' title='bbox 230 2093 266 2151; x_wconf 87' lang='grc' dir='ltr'><strong>Ι3</strong></span> <span class='ocrx_word' id='word_1_177' title='bbox 285 2089 399 2151; x_wconf 86' lang='lat' dir='ltr'><strong>*heres</strong></span> <span class='ocrx_word' id='word_1_178' title='bbox 415 2091 556 2150; x_wconf 82' lang='lat' dir='ltr'><strong>exsistat.</strong></span> <span class='ocrx_word' id='word_1_179' title='bbox 595 2091 699 2150; x_wconf 80' lang='lat' dir='ltr'><strong>Mutus</strong></span> <span class='ocrx_word' id='word_1_180' title='bbox 714 2099 805 2170; x_wconf 85' lang='lat' dir='ltr'><strong>pater</strong></span> <span class='ocrx_word' id='word_1_181' title='bbox 819 2090 874 2152; x_wconf 89' lang='lat' dir='ltr'><strong>uel</strong></span> <span class='ocrx_word' id='word_1_182' title='bbox 890 2089 1035 2152; x_wconf 87' lang='lat' dir='ltr'><strong>dominus</strong></span> <span class='ocrx_word' id='word_1_183' title='bbox 1051 2089 1115 2150; x_wconf 92' lang='lat' dir='ltr'><strong>filio</strong></span> <span class='ocrx_word' id='word_1_184' title='bbox 1126 2089 1183 2151; x_wconf 89' lang='lat' dir='ltr'><strong>uel</strong></span> <span class='ocrx_word' id='word_1_185' title='bbox 1201 2107 1296 2152; x_wconf 84' lang='lat' dir='ltr'><strong>seruo</strong></span> <span class='ocrx_word' id='word_1_186' title='bbox 1312 2090 1371 2151; x_wconf 92' lang='lat' dir='ltr'><strong>he-</strong></span> 
     </span>
     <span class='ocr_line' id='line_1_21' title="bbox 286 2173 1419 2258; baseline -0.001 -23"><span class='ocrx_word' id='word_1_187' title='bbox 286 2173 438 2238; x_wconf 78' lang='lat' dir='ltr'><strong>*redibus</strong></span> <span class='ocrx_word' id='word_1_188' title='bbox 464 2176 618 2236; x_wconf 88' lang='lat' dir='ltr'><strong>institutis</strong></span> <span class='ocrx_word' id='word_1_189' title='bbox 643 2177 743 2255; x_wconf 85' lang='lat' dir='ltr'><strong>magis</strong></span> <span class='ocrx_word' id='word_1_190' title='bbox 766 2186 815 2238; x_wconf 88' lang='lat' dir='ltr'><strong>est</strong></span> <span class='ocrx_word' id='word_1_191' title='bbox 839 2186 891 2252; x_wconf 91' lang='lat' dir='ltr'><strong>ut,</strong></span> <span class='ocrx_word' id='word_1_192' title='bbox 925 2177 952 2238; x_wconf 93' lang='lat' dir='ltr'><strong>si</strong></span> <span class='ocrx_word' id='word_1_193' title='bbox 979 2175 1144 2258; x_wconf 84' lang='lat' dir='ltr'><strong>intellectu</strong></span> <span class='ocrx_word' id='word_1_194' title='bbox 1164 2194 1226 2236; x_wconf 91' lang='lat' dir='ltr'><strong>non</strong></span> <span class='ocrx_word' id='word_1_195' title='bbox 1248 2185 1366 2254; x_wconf 90' lang='lat' dir='ltr'><strong>careat,</strong></span> <span class='ocrx_word' id='word_1_196' title='bbox 1388 2190 1419 2234; x_wconf 79' lang='lat' dir='ltr'><strong>sc</strong></span> 
     </span>
     <span class='ocr_line' id='line_1_22' title="bbox 286 2260 1370 2342; baseline 0 -20"><span class='ocrx_word' id='word_1_197' title='bbox 286 2260 385 2323; x_wconf 81' lang='lat' dir='ltr'><strong>*nutu</strong></span> <span class='ocrx_word' id='word_1_198' title='bbox 400 2260 510 2322; x_wconf 85' lang='lat' dir='ltr'><strong>iubere</strong></span> <span class='ocrx_word' id='word_1_199' title='bbox 534 2262 634 2342; x_wconf 89' lang='lat' dir='ltr'><strong>possit</strong></span> <span class='ocrx_word' id='word_1_200' title='bbox 656 2261 745 2323; x_wconf 89' lang='lat' dir='ltr'><strong>adire</strong></span> <span class='ocrx_word' id='word_1_201' title='bbox 762 2261 991 2341; x_wconf 82' lang='lat' dir='ltr'><strong>hereditatem,</strong></span> <span class='ocrx_word' id='word_1_202' title='bbox 1016 2271 1052 2323; x_wconf 92' lang='lat' dir='ltr'><strong>ut</strong></span> <span class='ocrx_word' id='word_1_203' title='bbox 1066 2261 1096 2329; x_wconf 86' lang='lat' dir='ltr'><strong>ei</strong></span> <span class='ocrx_word' id='word_1_204' title='bbox 1112 2264 1181 2324; x_wconf 90' lang='lat' dir='ltr'><strong>iure</strong></span> <span class='ocrx_word' id='word_1_205' title='bbox 1197 2263 1267 2323; x_wconf 89' lang='lat' dir='ltr'><strong>cius</strong></span> <span class='ocrx_word' id='word_1_206' title='bbox 1283 2281 1370 2322; x_wconf 91' lang='lat' dir='ltr'><strong>com-</strong></span> 
     </span>
     <span class='ocr_line' id='line_1_23' title="bbox 286 2343 1370 2428; baseline 0.002 -20"><span class='ocrx_word' id='word_1_207' title='bbox 286 2343 432 2408; x_wconf 80' lang='lat' dir='ltr'><strong>*modum</strong></span> <span class='ocrx_word' id='word_1_208' title='bbox 454 2347 564 2426; x_wconf 89' lang='lat' dir='ltr'><strong>quaeri</strong></span> <span class='ocrx_word' id='word_1_209' title='bbox 579 2349 691 2428; x_wconf 92' lang='lat' dir='ltr'><strong>possit:</strong></span> <span class='ocrx_word' id='word_1_210' title='bbox 722 2347 806 2428; x_wconf 95' lang='lat' dir='ltr'><strong>quod</strong></span> <span class='ocrx_word' id='word_1_211' title='bbox 827 2347 918 2410; x_wconf 82' lang='lat' dir='ltr'><strong>facile</strong></span> <span class='ocrx_word' id='word_1_212' title='bbox 941 2349 1093 2428; x_wconf 84' lang='lat' dir='ltr'><strong>explicari</strong></span> <span class='ocrx_word' id='word_1_213' title='bbox 1116 2349 1216 2428; x_wconf 91' lang='lat' dir='ltr'><strong>possit</strong></span> <span class='ocrx_word' id='word_1_214' title='bbox 1236 2349 1370 2410; x_wconf 86' lang='lat' dir='ltr'><strong>scientia</strong></span> 
     </span>
    </p>

    <p class='ocr_par' dir='ltr' id='par_1_10' title="bbox 229 2431 1369 2599">
     <span class='ocr_line' id='line_1_24' title="bbox 229 2431 1369 2515; baseline 0.001 -22"><span class='ocrx_word' id='word_1_215' title='bbox 229 2436 266 2494; x_wconf 86' lang='grc' dir='ltr'><strong>ΙΙ</strong></span> <span class='ocrx_word' id='word_1_216' title='bbox 286 2431 493 2494; x_wconf 82' lang='lat' dir='ltr'><strong>*litterarum</strong></span> <span class='ocrx_word' id='word_1_217' title='bbox 532 2435 636 2494; x_wconf 81' lang='lat' dir='ltr'><strong>Mutus</strong></span> <span class='ocrx_word' id='word_1_218' title='bbox 651 2451 765 2495; x_wconf 85' lang='lat' dir='ltr'><strong>seruus</strong></span> <span class='ocrx_word' id='word_1_219' title='bbox 781 2434 869 2496; x_wconf 93' lang='lat' dir='ltr'><strong>iussu</strong></span> <span class='ocrx_word' id='word_1_220' title='bbox 885 2433 1004 2496; x_wconf 90' lang='lat' dir='ltr'><strong>domini</strong></span> <span class='ocrx_word' id='word_1_221' title='bbox 1019 2452 1077 2515; x_wconf 88' lang='lat' dir='ltr'><strong>pro</strong></span> <span class='ocrx_word' id='word_1_222' title='bbox 1094 2432 1213 2496; x_wconf 87' lang='lat' dir='ltr'><strong>herede</strong></span> <span class='ocrx_word' id='word_1_223' title='bbox 1229 2432 1369 2514; x_wconf 82' lang='lat' dir='ltr'><strong>gerendo</strong></span> 
     </span>
     <span class='ocr_line' id='line_1_25' title="bbox 285 2516 819 2599; baseline 0.002 -21"><span class='ocrx_word' id='word_1_224' title='bbox 285 2516 421 2599; x_wconf 78' lang='lat' dir='ltr'><strong>*obligat</strong></span> <span class='ocrx_word' id='word_1_225' title='bbox 437 2518 598 2581; x_wconf 90' lang='lat' dir='ltr'><strong>dominum</strong></span> <span class='ocrx_word' id='word_1_226' title='bbox 614 2518 819 2582; x_wconf 78' lang='lat' dir='ltr'><strong>hereditati*</strong></span> 
     </span>
    </p>
   </div>
   <div class='ocr_carea' id='block_1_3' title="bbox 495 2703 1417 2790">
    <p class='ocr_par' dir='ltr' id='par_1_11' title="bbox 495 2703 1417 2790">
     <span class='ocr_line' id='line_1_26' title="bbox 495 2703 1417 2790; baseline 0.002 -24"><span class='ocrx_word' id='word_1_227' title='bbox 495 2705 523 2788; x_wconf 86' lang='lat' dir='ltr'><strong>[v</strong></span> <span class='ocrx_word' id='word_1_228' title='bbox 566 2726 604 2768; x_wconf 82' lang='lat' dir='ltr'><strong>m</strong></span> <span class='ocrx_word' id='word_1_229' title='bbox 627 2726 753 2770; x_wconf 78' lang='lat' dir='ltr'><strong>surarvs</strong></span> <span class='ocrx_word' id='word_1_230' title='bbox 774 2725 946 2770; x_wconf 74' lang='lat' dir='ltr'><strong>cossurus</strong></span> <span class='ocrx_word' id='word_1_231' title='bbox 968 2707 1155 2790; x_wconf 72' lang='lat' dir='ltr'><strong>sturmium]</strong></span> <span class='ocrx_word' id='word_1_232' title='bbox 1210 2703 1212 2706; x_wconf 71' lang='grc'><strong>’</strong></span> <span class='ocrx_word' id='word_1_233' title='bbox 1387 2721 1417 2768; x_wconf 75' lang='lat' dir='ltr'><strong>st</strong></span> 
     </span>
    </p>
   </div>
   <div class='ocr_carea' id='block_1_4' title="bbox 178 2825 1515 3338">
    <p class='ocr_par' dir='ltr' id='par_1_12' title="bbox 249 2825 1369 2907">
     <span class='ocr_line' id='line_1_27' title="bbox 249 2825 1369 2907; baseline 0.002 -19"><span class='ocrx_word' id='word_1_234' title='bbox 249 2831 260 2888; x_wconf 85' lang='grc' dir='ltr'><strong>Ι</strong></span> <span class='ocrx_word' id='word_1_235' title='bbox 370 2825 535 2889; x_wconf 82' lang='lat' dir='ltr'><strong>Hereditas</strong></span> <span class='ocrx_word' id='word_1_236' title='bbox 556 2828 642 2905; x_wconf 88' lang='lat' dir='ltr'><strong>eius,</strong></span> <span class='ocrx_word' id='word_1_237' title='bbox 667 2829 756 2907; x_wconf 93' lang='lat' dir='ltr'><strong>quia</strong></span> <span class='ocrx_word' id='word_1_238' title='bbox 777 2826 895 2890; x_wconf 86' lang='lat' dir='ltr'><strong>familia</strong></span> <span class='ocrx_word' id='word_1_239' title='bbox 916 2828 1037 2889; x_wconf 91' lang='lat' dir='ltr'><strong>occisus</strong></span> <span class='ocrx_word' id='word_1_240' title='bbox 1052 2846 1122 2889; x_wconf 88' lang='lat' dir='ltr'><strong>esse</strong></span> <span class='ocrx_word' id='word_1_241' title='bbox 1138 2827 1272 2906; x_wconf 89' lang='lat' dir='ltr'><strong>dicitur,</strong></span> <span class='ocrx_word' id='word_1_242' title='bbox 1295 2838 1369 2890; x_wconf 89' lang='lat' dir='ltr'><strong>ante</strong></span> 
     </span>
    </p>

    <p class='ocr_par' dir='ltr' id='par_1_13' title="bbox 178 2911 1515 3338">
     <span class='ocr_line' id='line_1_28' title="bbox 284 2911 1369 2995; baseline 0.003 -22"><span class='ocrx_word' id='word_1_243' title='bbox 284 2911 425 2976; x_wconf 91' lang='lat' dir='ltr'><strong>habitam</strong></span> <span class='ocrx_word' id='word_1_244' title='bbox 448 2914 663 2992; x_wconf 86' lang='lat' dir='ltr'><strong>quaestionem</strong></span> <span class='ocrx_word' id='word_1_245' title='bbox 685 2913 768 2975; x_wconf 88' lang='lat' dir='ltr'><strong>adiri</strong></span> <span class='ocrx_word' id='word_1_246' title='bbox 790 2932 853 2975; x_wconf 90' lang='lat' dir='ltr'><strong>nou</strong></span> <span class='ocrx_word' id='word_1_247' title='bbox 875 2922 978 2994; x_wconf 86' lang='lat' dir='ltr'><strong>potest</strong></span> <span class='ocrx_word' id='word_1_248' title='bbox 998 2932 1103 2993; x_wconf 87' lang='lat' dir='ltr'><strong>neque</strong></span> <span class='ocrx_word' id='word_1_249' title='bbox 1122 2913 1276 2976; x_wconf 87' lang='lat' dir='ltr'><strong>hunorum</strong></span> <span class='ocrx_word' id='word_1_250' title='bbox 1293 2934 1369 2995; x_wconf 90' lang='lat' dir='ltr'><strong>pos-</strong></span> 
     </span>
     <span class='ocr_line' id='line_1_29' title="bbox 247 2998 1368 3080; baseline 0.001 -19"><span class='ocrx_word' id='word_1_251' title='bbox 247 3003 265 3062; x_wconf 75' lang='lat'><strong>2</strong></span> <span class='ocrx_word' id='word_1_252' title='bbox 284 3000 384 3060; x_wconf 88' lang='lat' dir='ltr'><strong>sessio</strong></span> <span class='ocrx_word' id='word_1_253' title='bbox 404 3000 569 3079; x_wconf 86' lang='lat' dir='ltr'><strong>postulari.</strong></span> <span class='ocrx_word' id='word_1_254' title='bbox 610 2998 745 3061; x_wconf 86' lang='lat' dir='ltr'><strong>&#39;Occisus</strong></span> <span class='ocrx_word' id='word_1_255' title='bbox 766 2999 897 3062; x_wconf 87' lang='lat' dir='ltr'><strong>uidetur</strong></span> <span class='ocrx_word' id='word_1_256' title='bbox 919 3019 982 3062; x_wconf 88' lang='lat' dir='ltr'><strong>nou</strong></span> <span class='ocrx_word' id='word_1_257' title='bbox 1004 3009 1127 3062; x_wconf 89' lang='lat' dir='ltr'><strong>tantum</strong></span> <span class='ocrx_word' id='word_1_258' title='bbox 1147 3002 1203 3080; x_wconf 88' lang='lat' dir='ltr'><strong>qui</strong></span> <span class='ocrx_word' id='word_1_259' title='bbox 1222 3020 1282 3080; x_wconf 87' lang='lat' dir='ltr'><strong>per</strong></span> <span class='ocrx_word' id='word_1_260' title='bbox 1301 3003 1368 3062; x_wconf 90' lang='lat' dir='ltr'><strong>uim</strong></span> 
     </span>
     <span class='ocr_line' id='line_1_30' title="bbox 178 3084 1365 3166; baseline 0.002 -20"><span class='ocrx_word' id='word_1_261' title='bbox 178 3085 182 3101; x_wconf 88' lang='lat'>&#39;</span> <span class='ocrx_word' id='word_1_262' title='bbox 284 3094 338 3146; x_wconf 89' lang='lat' dir='ltr'><strong>aut</strong></span> <span class='ocrx_word' id='word_1_263' title='bbox 352 3103 413 3165; x_wconf 88' lang='lat' dir='ltr'><strong>per</strong></span> <span class='ocrx_word' id='word_1_264' title='bbox 427 3084 557 3146; x_wconf 87' lang='lat' dir='ltr'><strong>caedem</strong></span> <span class='ocrx_word' id='word_1_265' title='bbox 573 3085 758 3147; x_wconf 87' lang='lat' dir='ltr'><strong>interfectus</strong></span> <span class='ocrx_word' id='word_1_266' title='bbox 773 3094 833 3163; x_wconf 91' lang='lat' dir='ltr'><strong>est,</strong></span> <span class='ocrx_word' id='word_1_267' title='bbox 850 3087 941 3148; x_wconf 89' lang='lat' dir='ltr'><strong>uelut</strong></span> <span class='ocrx_word' id='word_1_268' title='bbox 952 3086 1113 3166; x_wconf 82' lang='lat' dir='ltr'><strong>iugulatus</strong></span> <span class='ocrx_word' id='word_1_269' title='bbox 1127 3087 1365 3166; x_wconf 87' lang='lat' dir='ltr'><strong>praecipitatus,</strong></span> 
     </span>
     <span class='ocr_line' id='line_1_31' title="bbox 284 3169 1515 3250; baseline -0.002 -19"><span class='ocrx_word' id='word_1_270' title='bbox 284 3169 341 3232; x_wconf 90' lang='lat' dir='ltr'><strong>sed</strong></span> <span class='ocrx_word' id='word_1_271' title='bbox 357 3180 387 3231; x_wconf 89' lang='lat' dir='ltr'><strong>et</strong></span> <span class='ocrx_word' id='word_1_272' title='bbox 402 3172 429 3231; x_wconf 88' lang='lat' dir='ltr'><strong>is</strong></span> <span class='ocrx_word' id='word_1_273' title='bbox 444 3172 500 3250; x_wconf 90' lang='lat' dir='ltr'><strong>qui</strong></span> <span class='ocrx_word' id='word_1_274' title='bbox 515 3188 640 3232; x_wconf 87' lang='lat' dir='ltr'><strong>ueneno</strong></span> <span class='ocrx_word' id='word_1_275' title='bbox 655 3181 785 3233; x_wconf 86' lang='lat' dir='ltr'><strong>necatus</strong></span> <span class='ocrx_word' id='word_1_276' title='bbox 801 3171 934 3234; x_wconf 92' lang='lat' dir='ltr'><strong>dicitur:</strong></span> <span class='ocrx_word' id='word_1_277' title='bbox 962 3173 1118 3236; x_wconf 87' lang='lat' dir='ltr'><strong>honestati</strong></span> <span class='ocrx_word' id='word_1_278' title='bbox 1134 3173 1221 3234; x_wconf 88' lang='lat' dir='ltr'><strong>euim</strong></span> <span class='ocrx_word' id='word_1_279' title='bbox 1236 3172 1368 3234; x_wconf 88' lang='lat' dir='ltr'><strong>heredis</strong></span> <span class='ocrx_word' id='word_1_280' title='bbox 1385 3185 1416 3230; x_wconf 82' lang='lat' dir='ltr'><strong>ao</strong></span> <span class='ocrx_word' id='word_1_281' title='bbox 1514 3199 1515 3246; x_wconf 72' lang='grc'><strong>,</strong></span> 
     </span>
     <span class='ocr_line' id='line_1_32' title="bbox 284 3257 1515 3338; baseline 0.003 -21"><span class='ocrx_word' id='word_1_282' title='bbox 284 3257 433 3318; x_wconf 90' lang='lat' dir='ltr'><strong>conuenit</strong></span> <span class='ocrx_word' id='word_1_283' title='bbox 447 3257 712 3337; x_wconf 82' lang='lat' dir='ltr'><strong>qualemcumque</strong></span> <span class='ocrx_word' id='word_1_284' title='bbox 727 3265 859 3318; x_wconf 91' lang='lat' dir='ltr'><strong>mortem</strong></span> <span class='ocrx_word' id='word_1_285' title='bbox 873 3258 1033 3320; x_wconf 88' lang='lat' dir='ltr'><strong>testatoris</strong></span> <span class='ocrx_word' id='word_1_286' title='bbox 1048 3258 1179 3320; x_wconf 82' lang='lat' dir='ltr'><strong>inultam</strong></span> <span class='ocrx_word' id='word_1_287' title='bbox 1194 3277 1259 3320; x_wconf 88' lang='lat' dir='ltr'><strong>nou</strong></span> <span class='ocrx_word' id='word_1_288' title='bbox 1272 3277 1368 3338; x_wconf 84' lang='lat' dir='ltr'><strong>prce-</strong></span> <span class='ocrx_word' id='word_1_289' title='bbox 1514 3267 1515 3278; x_wconf 70' lang='lat'><em>²</em></span> 
     </span>
    </p>
   </div>
   <div class='ocr_carea' id='block_1_5' title="bbox 287 3407 1131 3425">
    <p class='ocr_par' dir='ltr' id='par_1_14' title="bbox 287 3407 1131 3425">
     <span class='ocr_line' id='line_1_33' title="bbox 287 3407 1131 3425; baseline 0.005 -4"><span class='ocrx_word' id='word_1_290' title='bbox 287 3407 553 3422; x_wconf 56' lang='lat' dir='ltr'><strong>MA&#39;UUVVUVVVNAMVV*</strong></span> <span class='ocrx_word' id='word_1_291' title='bbox 886 3411 1043 3424; x_wconf 57' lang='lat' dir='ltr'><strong>mmmm-r</strong></span> <span class='ocrx_word' id='word_1_292' title='bbox 1047 3411 1131 3425; x_wconf 59' lang='grc' dir='ltr'><strong>ΛΝᾹΜ</strong></span> 
     </span>
    </p>
   </div>
   <div class='ocr_carea' id='block_1_6' title="bbox 352 3477 1206 3542">
    <p class='ocr_par' dir='ltr' id='par_1_15' title="bbox 352 3477 1206 3542">
     <span class='ocr_line' id='line_1_34' title="bbox 352 3477 1206 3542; baseline 0.001 -16"><span class='ocrx_word' id='word_1_293' title='bbox 352 3480 393 3538; x_wconf 76' lang='lat' dir='ltr'><strong>u,</strong></span> <span class='ocrx_word' id='word_1_294' title='bbox 408 3481 454 3525; x_wconf 71' lang='lat' dir='ltr'><strong>cca</strong></span> <span class='ocrx_word' id='word_1_295' title='bbox 465 3495 498 3522; x_wconf 60' lang='lat' dir='ltr'>a</span> <span class='ocrx_word' id='word_1_296' title='bbox 512 3477 572 3540; x_wconf 68' lang='lat' dir='ltr'><strong>usp.</strong></span> <span class='ocrx_word' id='word_1_297' title='bbox 586 3480 629 3540; x_wconf 83' lang='lat' dir='ltr'><strong>es,</strong></span> <span class='ocrx_word' id='word_1_298' title='bbox 644 3481 669 3540; x_wconf 81' lang='lat' dir='ltr'><strong>s,</strong></span> <span class='ocrx_word' id='word_1_299' title='bbox 684 3481 716 3528; x_wconf 77' lang='lat' dir='ltr'><strong>ac</strong></span> <span class='ocrx_word' id='word_1_300' title='bbox 746 3478 758 3541; x_wconf 80' lang='grc' dir='ltr'><strong>ιι</strong></span> <span class='ocrx_word' id='word_1_301' title='bbox 787 3480 828 3539; x_wconf 78' lang='lat' dir='ltr'><strong>u,</strong></span> <span class='ocrx_word' id='word_1_302' title='bbox 845 3481 944 3527; x_wconf 74' lang='lat' dir='ltr'><strong>te-rt</strong></span> <span class='ocrx_word' id='word_1_303' title='bbox 958 3499 990 3522; x_wconf 64' lang='grc' dir='ltr'><strong>ε</strong></span> <span class='ocrx_word' id='word_1_304' title='bbox 1004 3479 1063 3542; x_wconf 65' lang='lat' dir='ltr'><strong>oq.</strong></span> <span class='ocrx_word' id='word_1_305' title='bbox 1078 3484 1122 3542; x_wconf 77' lang='lat' dir='ltr'><strong>ao,</strong></span> <span class='ocrx_word' id='word_1_306' title='bbox 1136 3484 1161 3540; x_wconf 76' lang='lat' dir='ltr'><strong>s,</strong></span> <span class='ocrx_word' id='word_1_307' title='bbox 1175 3483 1206 3530; x_wconf 83' lang='lat' dir='ltr'><strong>ea</strong></span> 
     </span>
    </p>
   </div>
   <div class='ocr_carea' id='block_1_7' title="bbox 283 3595 1366 3616">
    <p class='ocr_par' dir='ltr' id='par_1_16' title="bbox 283 3595 1366 3616">
     <span class='ocr_line' id='line_1_35' title="bbox 283 3595 1366 3616; baseline 0.003 -6"><span class='ocrx_word' id='word_1_308' title='bbox 283 3595 294 3608; x_wconf 93' lang='grc' dir='ltr'><strong>Ι</strong></span> <span class='ocrx_word' id='word_1_309' title='bbox 299 3595 1227 3613; x_wconf 58' lang='lat' dir='ltr'><strong>-wwwmwdwmwnmwmmmmvmmrmmmmm</strong></span> <span class='ocrx_word' id='word_1_310' title='bbox 1237 3595 1297 3613; x_wconf 71' lang='lat' dir='ltr'><strong>ww</strong></span> <span class='ocrx_word' id='word_1_311' title='bbox 1303 3597 1366 3616; x_wconf 63' lang='lat' dir='ltr'><strong>vomu</strong></span> 
     </span>
    </p>
   </div>
   <div class='ocr_carea' id='block_1_8' title="bbox 282 3681 1367 4221">
    <p class='ocr_par' dir='ltr' id='par_1_17' title="bbox 282 3681 1367 4221">
     <span class='ocr_line' id='line_1_36' title="bbox 352 3681 1367 3750; baseline 0.005 -20"><span class='ocrx_word' id='word_1_312' title='bbox 352 3685 365 3730; x_wconf 84' lang='grc'>3</span> <span class='ocrx_word' id='word_1_313' title='bbox 385 3681 440 3732; x_wconf 88' lang='lat' dir='ltr'><strong>filio</strong></span> <span class='ocrx_word' id='word_1_314' title='bbox 460 3685 487 3732; x_wconf 89' lang='lat' dir='ltr'><strong>ct</strong></span> <span class='ocrx_word' id='word_1_315' title='bbox 504 3684 632 3732; x_wconf 76' lang='lat' dir='ltr'><strong>extraneo</strong></span> <span class='ocrx_word' id='word_1_316' title='bbox 650 3685 722 3742; x_wconf 82' lang='lat' dir='ltr'><strong>dett,</strong></span> <span class='ocrx_word' id='word_1_317' title='bbox 742 3682 813 3733; x_wconf 89' lang='lat' dir='ltr'><strong>filius</strong></span> <span class='ocrx_word' id='word_1_318' title='bbox 831 3687 858 3734; x_wconf 92' lang='lat' dir='ltr'><strong>et</strong></span> <span class='ocrx_word' id='word_1_319' title='bbox 875 3689 1020 3734; x_wconf 84' lang='lat' dir='ltr'><strong>extraneus</strong></span> <span class='ocrx_word' id='word_1_320' title='bbox 1033 3685 1069 3742; x_wconf 85' lang='grc' dir='ltr'><strong>Μ,</strong></span> <span class='ocrx_word' id='word_1_321' title='bbox 1089 3685 1144 3734; x_wconf 89' lang='lat' dir='ltr'><strong>filio</strong></span> <span class='ocrx_word' id='word_1_322' title='bbox 1165 3687 1328 3736; x_wconf 76' lang='lat' dir='ltr'><strong>extraneob</strong></span> <span class='ocrx_word' id='word_1_323' title='bbox 1357 3684 1367 3750; x_wconf 82' lang='grc' dir='ltr'><strong>ΙΙ</strong></span> 
     </span>
     <span class='ocr_line' id='line_1_37' title="bbox 284 3751 1366 3817; baseline 0.005 -17"><span class='ocrx_word' id='word_1_324' title='bbox 284 3751 378 3801; x_wconf 73' lang='lat' dir='ltr'><strong>stalis</strong></span> <span class='ocrx_word' id='word_1_325' title='bbox 405 3751 481 3812; x_wconf 87' lang='lat' dir='ltr'><strong>(tales</strong></span> <span class='ocrx_word' id='word_1_326' title='bbox 498 3751 527 3812; x_wconf 85' lang='grc' dir='ltr'><strong>Ι)</strong></span> <span class='ocrx_word' id='word_1_327' title='bbox 555 3764 581 3815; x_wconf 88' lang='lat' dir='ltr'><strong>p.</strong></span> <span class='ocrx_word' id='word_1_328' title='bbox 602 3752 744 3815; x_wconf 87' lang='lat' dir='ltr'><strong>institutio]</strong></span> <span class='ocrx_word' id='word_1_329' title='bbox 770 3758 889 3814; x_wconf 71' lang='lat' dir='ltr'><strong>expectes</strong></span> <span class='ocrx_word' id='word_1_330' title='bbox 911 3753 959 3804; x_wconf 82' lang='lat' dir='ltr'><strong>tali</strong></span> <span class='ocrx_word' id='word_1_331' title='bbox 982 3757 1172 3817; x_wconf 87' lang='lat' dir='ltr'><strong>postumorum</strong></span> <span class='ocrx_word' id='word_1_332' title='bbox 1196 3755 1366 3805; x_wconf 88' lang='lat' dir='ltr'><strong>institutione</strong></span> 
     </span>
     <span class='ocr_line' id='line_1_38' title="bbox 283 3818 1363 3887; baseline 0.006 -19"><span class='ocrx_word' id='word_1_333' title='bbox 283 3818 353 3870; x_wconf 85' lang='lat' dir='ltr'><strong>iacta</strong></span> <span class='ocrx_word' id='word_1_334' title='bbox 387 3819 398 3882; x_wconf 79' lang='grc' dir='ltr'><strong>ΙΙ</strong></span> <span class='ocrx_word' id='word_1_335' title='bbox 434 3821 547 3870; x_wconf 79' lang='lat' dir='ltr'><strong>‘isunto</strong></span> <span class='ocrx_word' id='word_1_336' title='bbox 563 3819 693 3880; x_wconf 69' lang='lat' dir='ltr'><strong>Ouiodm,</strong></span> <span class='ocrx_word' id='word_1_337' title='bbox 708 3824 843 3885; x_wconf 86' lang='lat' dir='ltr'><strong>sumptote</strong></span> <span class='ocrx_word' id='word_1_338' title='bbox 856 3823 893 3882; x_wconf 91' lang='grc' dir='ltr'><strong>ΙΙ,</strong></span> <span class='ocrx_word' id='word_1_339' title='bbox 912 3822 1093 3872; x_wconf 83' lang='lat' dir='ltr'><strong>mihistotcL</strong></span> <span class='ocrx_word' id='word_1_340' title='bbox 1128 3823 1139 3885; x_wconf 77' lang='lat' dir='ltr'>n</span> <span class='ocrx_word' id='word_1_341' title='bbox 1174 3824 1298 3887; x_wconf 78' lang='lat' dir='ltr'><strong>squiL,</strong></span> <span class='ocrx_word' id='word_1_342' title='bbox 1313 3837 1363 3874; x_wconf 74' lang='lat' dir='ltr'><strong>om·</strong></span> 
     </span>
     <span class='ocr_line' id='line_1_39' title="bbox 284 3888 1365 3954; baseline 0.005 -17"><span class='ocrx_word' id='word_1_343' title='bbox 284 3889 313 3937; x_wconf 80' lang='grc' dir='ltr'><em>Μ</em></span> <span class='ocrx_word' id='word_1_344' title='bbox 339 3888 351 3950; x_wconf 84' lang='grc'><strong>11</strong></span> <span class='ocrx_word' id='word_1_345' title='bbox 381 3891 412 3936; x_wconf 79' lang='lat' dir='ltr'><strong>to</strong></span> <span class='ocrx_word' id='word_1_346' title='bbox 430 3888 555 3939; x_wconf 69' lang='lat' dir='ltr'><strong>netues</strong></span> <span class='ocrx_word' id='word_1_347' title='bbox 581 3888 592 3952; x_wconf 86' lang='grc' dir='ltr'><strong>ΙΙ</strong></span> <span class='ocrx_word' id='word_1_348' title='bbox 622 3892 653 3937; x_wconf 73' lang='lat' dir='ltr'><strong>tt</strong></span> <span class='ocrx_word' id='word_1_349' title='bbox 669 3890 890 3951; x_wconf 69' lang='lat' dir='ltr'><strong>tnappeuctces,</strong></span> <span class='ocrx_word' id='word_1_350' title='bbox 906 3894 936 3940; x_wconf 76' lang='lat'><strong>{5</strong></span> <span class='ocrx_word' id='word_1_351' title='bbox 950 3889 1145 3954; x_wconf 78' lang='lat' dir='ltr'><strong>butustitoti§§</strong></span> <span class='ocrx_word' id='word_1_352' title='bbox 1159 3895 1365 3954; x_wconf 65' lang='lat' dir='ltr'><strong>to-tssprae-</strong></span> 
     </span>
     <span class='ocr_line' id='line_1_40' title="bbox 282 3959 1365 4024; baseline 0.006 -19"><span class='ocrx_word' id='word_1_353' title='bbox 282 3959 394 4006; x_wconf 78' lang='lat' dir='ltr'><strong>ottttitor</strong></span> <span class='ocrx_word' id='word_1_354' title='bbox 406 3959 514 4007; x_wconf 78' lang='lat' dir='ltr'><strong>rubrica</strong></span> <span class='ocrx_word' id='word_1_355' title='bbox 531 3971 565 4008; x_wconf 79' lang='lat' dir='ltr'><strong>ex</strong></span> <span class='ocrx_word' id='word_1_356' title='bbox 577 3971 692 4021; x_wconf 89' lang='lat' dir='ltr'><strong>corpore</strong></span> <span class='ocrx_word' id='word_1_357' title='bbox 704 3960 779 4009; x_wconf 83' lang='lat' dir='ltr'><strong>Pauli</strong></span> <span class='ocrx_word' id='word_1_358' title='bbox 790 3961 985 4010; x_wconf 82' lang='lat' dir='ltr'><strong>sententiarum</strong></span> <span class='ocrx_word' id='word_1_359' title='bbox 997 3959 1098 4009; x_wconf 83' lang='lat' dir='ltr'><strong>scheda</strong></span> <span class='ocrx_word' id='word_1_360' title='bbox 1111 3959 1146 4010; x_wconf 91' lang='lat' dir='ltr'><strong>de</strong></span> <span class='ocrx_word' id='word_1_361' title='bbox 1157 3961 1365 4024; x_wconf 84' lang='lat' dir='ltr'><strong>quaestiouibus</strong></span> 
     </span>
     <span class='ocr_line' id='line_1_41' title="bbox 284 4023 1365 4092; baseline 0.006 -18"><span class='ocrx_word' id='word_1_362' title='bbox 284 4027 310 4074; x_wconf 92' lang='lat' dir='ltr'><strong>in</strong></span> <span class='ocrx_word' id='word_1_363' title='bbox 324 4023 425 4076; x_wconf 83' lang='lat' dir='ltr'><strong>familie</strong></span> <span class='ocrx_word' id='word_1_364' title='bbox 443 4025 575 4076; x_wconf 84' lang='lat' dir='ltr'><strong>habendis</strong></span> <span class='ocrx_word' id='word_1_365' title='bbox 587 4030 634 4077; x_wconf 89' lang='lat' dir='ltr'><strong>aut</strong></span> <span class='ocrx_word' id='word_1_366' title='bbox 644 4027 667 4076; x_wconf 92' lang='lat' dir='ltr'><strong>si</strong></span> <span class='ocrx_word' id='word_1_367' title='bbox 679 4031 742 4088; x_wconf 83' lang='lat' dir='ltr'><strong>ante</strong></span> <span class='ocrx_word' id='word_1_368' title='bbox 754 4027 874 4078; x_wconf 87' lang='lat' dir='ltr'><strong>habitam</strong></span> <span class='ocrx_word' id='word_1_369' title='bbox 887 4029 1073 4092; x_wconf 80' lang='lat' dir='ltr'><strong>quaestionem</strong></span> <span class='ocrx_word' id='word_1_370' title='bbox 1092 4028 1191 4089; x_wconf 71' lang='lat' dir='ltr'><strong>(hahita</strong></span> <span class='ocrx_word' id='word_1_371' title='bbox 1203 4031 1365 4092; x_wconf 84' lang='lat' dir='ltr'><strong>quaestione</strong></span> 
     </span>
     <span class='ocr_line' id='line_1_42' title="bbox 282 4095 1364 4213; baseline 0.006 -71"><span class='ocrx_word' id='word_1_372' title='bbox 282 4095 388 4154; x_wconf 70' lang='lat' dir='ltr'><strong>codices)</strong></span> <span class='ocrx_word' id='word_1_373' title='bbox 403 4095 538 4144; x_wconf 86' lang='lat' dir='ltr'><strong>hereditas</strong></span> <span class='ocrx_word' id='word_1_374' title='bbox 546 4107 615 4213; x_wconf 62' lang='lat' dir='ltr'><strong>leqqsL</strong></span> <span class='ocrx_word' id='word_1_375' title='bbox 620 4097 666 4158; x_wconf 89' lang='lat' dir='ltr'><strong>qui</strong></span> <span class='ocrx_word' id='word_1_376' title='bbox 679 4095 779 4146; x_wconf 88' lang='lat' dir='ltr'><strong>dicitur</strong></span> <span class='ocrx_word' id='word_1_377' title='bbox 792 4095 950 4148; x_wconf 85' lang='lat' dir='ltr'><strong>interiectus</strong></span> <span class='ocrx_word' id='word_1_378' title='bbox 965 4098 1032 4160; x_wconf 69' lang='lat' dir='ltr'><strong>i-cta</strong></span> <span class='ocrx_word' id='word_1_379' title='bbox 1046 4099 1150 4159; x_wconf 78' lang='lat' dir='ltr'><strong>codices)</strong></span> <span class='ocrx_word' id='word_1_380' title='bbox 1160 4097 1238 4148; x_wconf 51' lang='lat' dir='ltr'><strong>«aditu</strong></span> <span class='ocrx_word' id='word_1_381' title='bbox 1251 4097 1333 4149; x_wconf 78' lang='lat' dir='ltr'><strong>fuerit</strong></span> <span class='ocrx_word' id='word_1_382' title='bbox 1355 4096 1364 4164; x_wconf 72' lang='grc' dir='ltr'><strong>ΙΙ</strong></span> 
     </span>
     <span class='ocr_line' id='line_1_43' title="bbox 282 4163 544 4221; baseline 0 -9"><span class='ocrx_word' id='word_1_383' title='bbox 282 4167 315 4212; x_wconf 75' lang='lat'><strong>29</strong></span> <span class='ocrx_word' id='word_1_384' title='bbox 334 4163 409 4211; x_wconf 86' lang='lat' dir='ltr'><strong>uelut</strong></span> <span class='ocrx_word' id='word_1_385' title='bbox 422 4164 495 4221; x_wconf 79' lang='lat' dir='ltr'><strong>dett,</strong></span> <span class='ocrx_word' id='word_1_386' title='bbox 510 4177 544 4212; x_wconf 90' lang='lat' dir='ltr'><strong>ue</strong></span> 
     </span>
    </p>
   </div>
   <div class='ocr_carea' id='block_1_9' title="bbox 0 0 1538 4826">
    <p class='ocr_par' dir='ltr' id='par_1_18' title="bbox 0 0 1538 4826">
     <span class='ocr_line' id='line_1_44' title="bbox 0 0 1538 4826; baseline 0 7"><span class='ocrx_word' id='word_1_387' title='bbox 0 0 1538 4826; x_wconf 95' lang='lat' dir='ltr'><strong> </strong></span> 
     </span>
    </p>
   </div>
  </div>
 </body>
</html>
