3066 4826
531 388 615 400 ....
661 357 719 418 107
764 336 850 408 ς,-
925 356 1228 417 murrum—ur

146 543 206 605 hoe
236 537 329 606 modo
360 542 484 604 Srroavs
513 560 596 604 arnor
624 559 707 604 sero.
769 561 839 608 oum
870 553 976 608 autem
1006 561 1229 623 orromrorum,

145 630 199 692 uel
223 647 273 702 ou
292 647 330 690 ux
349 645 474 690 eroum
489 645 554 691 4444
569 647 731 708 risumve,
757 647 880 692 sinuum
900 648 966 692 usar
984 649 1078 709 voro,
1111 649 1151 692 ox
1172 631 1234 692 Or,-

146 716 256 777 fitiano
279 723 409 778 senatus
430 713 570 776 consulto
585 714 719 794 perinde
741 713 872 780 libertas
887 718 1052 796 competit,
1080 735 1115 779 ao
1130 717 1157 779 si
1173 735 1230 778 no-

145 801 290 864 minatim
306 799 380 862 data
402 800 459 862 sit:
484 798 657 862 officiorum
680 801 763 862 enim
781 811 812 864 et
827 803 942 865 artium
965 802 1135 882 appellatio
1150 801 1231 864 nihil

145 886 186 948 de
203 885 432 966 significatione
455 886 618 948 nominum
634 896 752 950 mutat:
777 889 839 950 nisi
855 887 933 950 sorte
947 889 1056 967 plures
1071 889 1150 967 sint,
1175 889 1230 968 qui
1250 899 1266 944 5

146 991 182 1034 eo
203 971 306 1034 offioio
322 971 547 1052 designentur:
571 981 649 1034 tuno
671 973 755 1034 enim
777 993 891 1037 nomen
912 972 1148 1054 adiungendum
1170 983 1229 1052 est,
1254 1019 1255 1026 1

108 1061 126 1120 2
145 1067 181 1120 ut
197 1058 332 1132 eluceat,
350 1056 391 1119 de
408 1076 470 1138 quo
487 1066 617 1120 testator
631 1061 769 1122 sensisse
785 1059 944 1126 uideatur.
993 1059 1153 1124 Codioillis
1166 1069 1232 1122 tes·

144 1153 287 1206 tomento
316 1144 508 1208 confirmatis
535 1143 627 1208 datae
655 1145 819 1210 libertates
841 1165 913 1210 eum
934 1146 985 1208 his
1007 1164 1088 1226 quae
1113 1144 1232 1209 tabulis

144 1229 328 1292 testamenti
344 1229 436 1292 datae
452 1239 526 1294 sunt
540 1239 743 1310 oonourrunt,
762 1240 795 1293 et
809 1232 878 1296 siue
893 1231 1081 1294 antecedant
1095 1232 1164 1296 siue
1178 1250 1231 1294 se-

145 1324 289 1396 quantur
308 1325 549 1394 testamentum,
578 1317 749 1380 nouissimo
772 1318 838 1382 loeo
859 1316 1070 1396 adhibentur,
1094 1319 1169 1398 quia
1191 1337 1231 1380 ex
1250 1327 1285 1372 444

108 1403 125 1461 3
143 1409 334 1464 testamento
354 1411 507 1481 utraeque
528 1402 763 1468 confirmantur.
812 1404 962 1476 Quotiens
989 1422 1143 1466 numerus
1163 1422 1232 1466 ser-

144 1507 257 1550 uorum
279 1497 409 1568 propter
423 1488 527 1567 legem
541 1488 659 1552 Fufiam
676 1489 839 1550 Caniniam
854 1488 1013 1552 ineundus
1030 1500 1087 1569 est,
1104 1490 1232 1571 fugitiui

145 1592 292 1654 quoque,
318 1592 451 1653 quorum
467 1592 593 1654 semper
614 1575 768 1654 possessio
785 1576 887 1638 auimo
903 1576 1071 1654 retinetur,
1101 1595 1232 1656 eompu-

109 1661 125 1719 4
144 1659 235 1724 tandi
249 1669 343 1722 sunt.
390 1662 468 1740 Lege
484 1660 568 1722 Fufia
583 1659 714 1724 Caninio
730 1670 879 1741 cauetur,
896 1671 933 1726 ut
948 1671 1053 1724 certus
1067 1681 1231 1724 seruorum

145 1764 300 1808 numerus
315 1753 502 1808 testamento
517 1747 767 1810 manumittatur.
813 1747 979 1811 subductis
995 1749 1091 1828 igitur
1106 1747 1231 1810 duobus
1251 1757 1286 1804 ts

144 1850 250 1910 usque
265 1830 427 1894 adderem
443 1851 517 1912 pars
529 1831 672 1911 dimidia,
691 1831 829 1896 adeeem
844 1852 946 1914 usque
962 1832 1002 1896 ad
1014 1834 1145 1914 triginta
1155 1853 1231 1914 pars

145 1919 254 1996 tertia,
273 1918 431 1999 otripioto
444 1936 546 1998 usque
562 1916 603 1981 ad
624 1928 750 1981 eentum
766 1938 840 1998 pars
855 1930 978 1999 quarta,
998 1928 1159 1983 aoentum
1173 1939 1230 1984 us-

146 2023 211 2083 que
228 2002 269 2065 ad
284 2003 473 2083 quingentos
488 2023 563 2085 pars
578 2005 700 2084 quinta.
747 2005 856 2084 plures
871 2015 976 2071 autem
993 2025 1088 2086 quam
1103 2016 1230 2070 eentum

146 2109 187 2152 ex
203 2090 314 2150 maiori
329 2109 462 2151 numero
477 2109 641 2152 seruorum
656 2091 835 2153 manumitti
850 2111 913 2154 non
928 2091 1011 2153 lieet.

646 2277 730 2362 [44444]
1251 2291 1284 2338 20

233 2399 298 2458 Neo
319 2397 381 2460 filio
404 2399 528 2478 patroni
555 2399 656 2465 inuito
680 2398 814 2462 libertus
835 2398 994 2462 natalibus
1016 2403 1084 2464 suis
1106 2403 1230 2464 restitui

146 2493 288 2631 potest:?
303 2482 381 2564 quid
407 2485 491 2550 enim
518 2485 651 2564 interest
677 2485 739 2565 ipsi
764 2495 895 2565 patrono
921 2505 961 2547 an
988 2485 1061 2548 filiis
1087 2490 1156 2550 eius
1178 2488 1232 2550 fiat

146 2589 266 2632 rnrurra

536 2828 649 2890 LIBER
676 2829 842 2901 QVINTVS

503 2964 521 3046 [1
564 2983 601 3028 on
625 2983 756 3026 urrerem
778 2965 877 3048 cersi]
1250 2976 1286 3022 ss

110 3086 122 3144 t
236 3085 296 3157 Qui
317 3085 579 3164 contemplatione
602 3095 762 3148 extremae
778 3085 975 3148 necessitatis
997 3095 1052 3150 aut
1066 3085 1231 3149 alimento-

149 3190 220 3233 rum
237 3173 338 3251 gratia
359 3170 439 3232 filios
454 3190 527 3234 suos
541 3171 765 3251 uendiderint,
789 3172 884 3234 statui
900 3171 1107 3251 ingenuitatis
1122 3191 1231 3235 eorum

148 3277 211 3320 non
227 3256 461 3337 praeiudicant:
488 3257 580 3320 homo
601 3258 684 3318 onim
707 3257 790 3321 liber
810 3258 896 3319 nullo
910 3257 1011 3337 pretio
1032 3258 1229 3322 aestimatur.

148 3343 234 3406 idem
250 3361 310 3404 neo
330 3344 459 3423 pignori
481 3342 521 3408 ab
544 3343 593 3404 his
614 3352 668 3406 aut
688 3343 823 3406 fiduciae
843 3343 912 3407 dari
933 3353 1082 3424 possunt:
1107 3363 1231 3424 exque

149 3428 230 3492 iaoto
246 3430 349 3492 soiens
364 3427 502 3498 creditor
516 3427 710 3510 deportatur.
758 3448 873 3510 operae
888 3438 994 3492 tamen
1010 3449 1119 3492 eorum
1134 3431 1230 3492 loeari
1251 3439 1285 3485 ³0

149 3600 199 3614 ΚΛΜ

148 3741 181 3787 20
207 3671 314 3798 ³⁴43?
328 3668 388 3798 4))49.
405 3671 446 3729 to,
463 3671 533 3729 44,4
563 3668 574 3732 11
605 3673 630 3732 4,
645 3674 654 3718 4
672 3669 1153 3736 o.29idem...³0deportatur=
1169 3669 1229 3735 Dio.

185 3774 192 3798 ,
226 3777 233 3800 ,
286 3751 345 3788 me.

151 3857 199 3872 'tm

219 3963 379 4010 enascatur
391 3959 517 4020 Heremo,
537 3961 658 4012 nascitur
670 3961 768 4012 codices
796 3961 807 4024 ss
838 3965 868 4010 to
887 3957 1092 4012 adhibeturML
1122 3961 1133 4025 ΙΙ
1164 3965 1194 4012 47
1214 3977 1232 4013 a

148 4031 260 4094 triginta
272 4042 321 4080 om.
336 4029 434 4081 codices
480 4027 491 4092 ΙΙ
539 4033 570 4080 28
588 4029 756 4095 praeiudicat
768 4031 866 4082 oodr'ooo
906 4029 917 4092 ΙΙ
957 4030 1033 4082 nullo
1046 4031 1076 4094 L,
1090 4030 1230 4082 nulltdari
1283 4054 1287 4068 ·

153 4097 228 4161 (dare
243 4099 290 4161 Ma)
307 4096 381 4147 nullo
395 4098 425 4147 Μ
460 4097 471 4160 u
508 4101 540 4148 29
559 4097 632 4150 idem
647 4135 653 4148 .
669 4135 675 4150 .
693 4135 699 4148 .
714 4103 745 4148 3⁰
760 4099 924 4164 deportetur]
938 4099 1065 4163 creditor,
1080 4100 1128 4164 qui
1140 4101 1236 4152 soiens

148 4167 235 4218 filium
247 4165 365 4216 familias
376 4180 391 4216 a
402 4169 514 4232 parente
525 4168 635 4232 pignori
644 4169 758 4233 accepit,
773 4169 906 4234 relegatur
917 4167 978 4232 Βία.
