3028 4830
531 405 615 420 ...-
659 373 700 436 59
743 407 830 419 ..-
993 374 1067 424 Paul.
1082 375 1102 438 1,
1119 377 1214 424 44-44

138 564 260 624 riarum
275 563 354 643 legis
368 564 527 642 Aquiliae,
556 564 642 644 [item
658 561 697 624 de
714 562 805 624 modo
820 563 904 643 agri,
931 581 1002 624 eum
1018 581 1036 624 a
1050 562 1218 625 uenditore

100 651 119 713 2
139 659 264 729 emptor
286 647 438 731 deceptus
459 648 537 729 est.]'
573 649 620 710 Ex
641 649 691 710 his
706 651 827 728 causis,
852 667 933 728 quae
950 647 1134 712 infitiatione
1157 648 1219 711 du·

138 735 278 814 plantur,
296 744 386 814 pacto
401 733 506 797 decidi
522 753 585 796 non
600 743 713 815 potest.

393 906 439 987 [xx
481 925 518 966 nn
539 925 725 968 rmnrrssoru
748 926 784 967 rr
807 905 960 987 srousoun]

225 1027 313 1088 Inter
333 1025 534 1087 fideiussores
550 1045 590 1086 ex
612 1025 714 1087 edicto
728 1028 898 1106 praetoris,
925 1025 951 1087 si
967 1023 1118 1086 soluendo
1141 1027 1215 1104 sint,
1237 1037 1251 1082 5

139 1113 214 1173 licet
230 1111 346 1192 singuli
363 1111 546 1173 insolidum
561 1121 742 1190 teneantur,
759 1111 906 1194 obligatio
922 1109 1096 1198 diuidetur.

553 1267 563 1278 “
642 1283 715 1364 nti

226 1402 281 1462 *ln
297 1402 499 1464 dardanarios
522 1413 651 1483 propter
667 1403 781 1465 falsum
796 1422 1017 1465 mensurarum
1037 1402 1165 1465 modum
1180 1401 1221 1462 ob

138 1489 327 1550 *utilitatem
348 1489 510 1568 popularis
530 1507 672 1550 annonae
695 1508 752 1569 pro
768 1489 858 1550 modo
880 1489 1009 1551 admissi
1024 1498 1113 1550 extra
1134 1487 1221 1549 ordi-

137 1573 232 1650 *pem
246 1574 403 1636 uindicari
419 1573 568 1654 placuit*
1240 1585 1270 1630 44

401 1745 457 1826 [xxi
500 1765 537 1806 ns
561 1765 731 1807 sarracenis
753 1766 789 1808 nr
812 1745 964 1826 trunonis]

103 1869 115 1926 l
208 1864 278 1926 ·0b
299 1866 461 1927 incursum
483 1865 622 1927 fluminis
643 1866 696 1928 uel
716 1876 834 1928 metum
857 1864 1008 1928 *ruinae*
1024 1883 1076 1926 cor
1100 1885 1138 1927 us
1160 1865 1221 1926 iam

658 1861 661 1869 ’
1077 1885 1098 1945 o

139 1963 315 2031 perpetuae
330 1952 509 2030 sepulturae
525 1951 675 2013 traditum
691 1951 897 2013 sollemnibus
915 1951 1047 2030 redditis
1062 1950 1222 2012 sacrificiis

101 2041 120 2102 2
138 2057 200 2118 per
215 2045 339 2098 noctem
361 2040 394 2098 in
411 2039 507 2099 alium
528 2039 630 2099 locum
650 2036 816 2099 transferri
830 2047 944 2118 potest.
986 2038 1105 2118 Corpus
1127 2039 1160 2098 in
1175 2039 1221 2098 ci-

138 2125 271 2184 uitatem
297 2121 409 2184 inferri
429 2142 492 2184 non
514 2124 602 2201 licet,
628 2143 668 2184 ne
691 2117 894 2186 funestentur
909 2143 995 2185 sacra
1011 2125 1164 2185 ciuitatis:
1190 2133 1222 2184 et
1241 2135 1271 2180 45

101 2213 119 2271 3
140 2211 197 2288 qui
214 2219 322 2270 contra
344 2228 380 2270 ea
395 2208 521 2288 fecerit,
548 2220 637 2270 extra
652 2209 797 2271 ordinem
817 2211 958 2290 punitur.
997 2209 1101 2270 *Intra
1116 2227 1223 2270 muros

140 2295 301 2356 *ciuitatis
321 2314 434 2374 corpus
448 2296 631 2374 sepulturae
647 2294 715 2356 dari
732 2314 794 2356 non
816 2305 919 2376 potest
935 2296 988 2356 uel
1002 2297 1123 2357 ustrina
1139 2294 1218 2355 fieri.

103 2386 120 2444 l
139 2381 223 2453 *Qui
250 2399 365 2460 corpus
385 2391 558 2462 perpetuae
581 2381 762 2461 sepulturae
782 2381 934 2442 traditum
959 2382 1012 2442 uel
1034 2380 1074 2442 ad
1097 2389 1223 2460 tempus

140 2467 255 2528 *alicui
276 2467 341 2528 loco
364 2467 615 2529 commendatum
631 2465 800 2528 nudauerit
821 2476 853 2528 et
869 2467 943 2528 solis
964 2466 1061 2528 radiis
1076 2465 1224 2528 ostende-

140 2551 213 2631 *rit,
232 2553 392 2633 piaculum
409 2555 590 2615 committit:
617 2563 711 2632 atque
727 2552 810 2630 ideo,
822 2554 856 2614 ·si
872 2553 1032 2614 honestior
1046 2553 1103 2631 sit,
1123 2553 1156 2613 in
1173 2553 1223 2611 in·
1241 2563 1273 2608 ao

103 2643 121 2700 5
140 2637 271 2716 *sulam,
290 2639 317 2698 si
332 2639 490 2717 humilior,
509 2641 543 2700 in
559 2639 720 2700 metallum
737 2637 805 2700 dari
821 2639 908 2700 solet.
942 2639 1003 2711 Qui
1019 2638 1223 2718 sepulchrum

140 2724 352 2786 *uiolauerint
374 2735 429 2786 aut
444 2724 484 2786 de
500 2725 665 2805 sepulchro
687 2725 807 2804 aliquid
823 2724 1025 2801 sustulerint,
1043 2743 1101 2804 pro
1115 2743 1224 2804 perso-

141 2809 275 2871 *narum
298 2809 447 2890 qualitate
465 2820 518 2873 aut
534 2812 565 2871 in
582 2811 742 2872 metallum
759 2810 875 2872 dantur
897 2820 951 2872 aut
965 2811 999 2870 in
1015 2811 1151 2871 insulam
1167 2810 1224 2872 de-

104 2901 122 2957 6
141 2896 339 2976 *portantur
371 2898 431 2968 Qui
448 2897 651 2976 sepulchrum
668 2897 805 2958 alienum
822 2896 982 2975 effregerit
996 2895 1048 2956 uel
1064 2896 1225 2976 aperuerit
1279 2933 1282 2939 ι

142 2981 264 3061 *eoque
281 2992 438 3043 mortuum
454 3001 547 3044 suum
563 2983 742 3044 alienumue
759 2983 917 3058 intulerit,
938 2983 1139 3060 sepulchrum
1154 2982 1224 3042 uio·
1243 2991 1274 3038 45

104 3069 122 3130 7
141 3067 244 3129 *lasse
270 3066 409 3130 uidetur.
430 3090 431 3095 ¹
449 3068 583 3130 Vendito
604 3067 701 3129 fundo
729 3069 873 3148 religiosa
900 3068 964 3128 loca
986 3066 1026 3128 ad
1052 3075 1223 3146 emptorem

104 3150 225 3214 8*non
246 3163 412 3216 transeunt
432 3171 492 3216 nec
513 3156 545 3231 in
562 3155 611 3214 his
627 3157 677 3215 ius
700 3153 817 3215 inferre
837 3163 995 3215 mortuum
1017 3152 1123 3214 habet.
1163 3152 1224 3224 Qui

142 3238 365 3301 *monumento
387 3241 555 3320 inscriptos
570 3241 677 3315 titulos
699 3242 830 3301 eraserit
850 3239 903 3300 uel
918 3248 1053 3300 statuam
1072 3240 1225 3300 euerterit

141 3323 216 3386 *uel
231 3324 309 3404 quid
326 3344 365 3385 ex
381 3326 492 3388 eodem
508 3327 648 3404 traxerit,
667 3325 805 3406 lapidem
817 3326 1035 3386 columnamue
1046 3325 1221 3400 sustulerit,

105 3416 123 3473 9
143 3411 367 3492 *sepulchrum
394 3413 529 3474 uiolasse
558 3411 697 3473 uidetur.
743 3412 777 3472 ln
800 3431 836 3473 eo
864 3411 1051 3491 sarcophago
1072 3410 1125 3472 uel
1147 3410 1222 3488 solo,
1244 3421 1275 3466 to

143 3563 321 3580 vavvvvvvs
942 3562 1224 3576 νΨΛΛΛΛΛΛΛΛΛΛΛΛΛΛΑ

212 3638 309 3683 20n==
323 3635 543 3698 1444.48,44,44
574 3633 585 3696 ΙΙ
615 3637 657 3694 st,
673 3636 1002 3696 a-eaopptoroosootoo
1015 3634 1148 3683 Voroottno
1162 3631 1226 3695 (Gu-

141 3706 202 3753 tuoii
217 3703 325 3754 Obseru.
339 3706 381 3763 st,
398 3703 437 3765 tt)

154 3821 603 3836 -Muwwmmxmmxwmmw
609 3821 788 3844 vifyxsxtaxwtl
799 3821 966 3833 saxsumlvvxtvvi
972 3822 1022 3832 ruva
1030 3822 1041 3831 l
1050 3819 1167 3832 »wltavvv
1188 3820 1208 3828 fu

215 3914 224 3958 4
248 3910 313 3958 item
328 3946 334 3958 .
351 3947 356 3958 .
374 3945 380 3957 .
396 3913 411 3956 2
424 3911 466 3958 est
477 3911 568 3970 spuria
580 3921 635 3958 4444
647 3901 732 3958 docuit
744 3908 854 3970 lludorff
865 3907 1011 3968 zeitschrift
1021 3907 1068 3970 4444
1079 3907 1224 3970 4444444444.

145 3976 415 4039 Rechtswirseoschost
429 3981 458 4025 45
470 3991 498 4039 p.
513 3980 561 4026 444
576 3990 641 4038 sqq.)
656 3975 689 4038 cs.
705 3980 729 4036 4,
746 3980 786 4035 44,
803 3978 815 4024 4
846 3975 857 4038 ΙΙ
886 3987 949 4026 cum
964 4011 970 4024 .
986 4012 992 4025 .
1009 4013 1015 4026 .
1031 3978 1099 4026 4444
1111 3977 1147 4034 M,
1162 3987 1226 4025 oum

143 4043 319 4097 uenditoret
349 4047 359 4109 ΙΙ
390 4047 477 4096 544444
489 4047 560 4105 dett,
575 4047 610 4095 sit
622 4046 652 4106 L,
666 4046 771 4110 species
784 4045 813 4094 M
840 4043 850 4106 ΙΙ
882 4048 911 4093 ta
931 4046 1026 4094 ruinae
1041 4045 1191 4094 Vesoottoos
1203 4049 1228 4094 44

148 4117 288 4166 Vaticanus
299 4128 354 4178 rep.
371 4119 446 4174 4448,
466 4127 515 4164 ooo.
536 4115 671 4177 Wisipotha'
705 4114 716 4176 ΙΙ
753 4113 911 4163 4344444444
924 4113 960 4172 Μ,
975 4114 1058 4162 cml.
1094 4113 1105 4175 ΙΙ
1142 4116 1171 4160 44
1187 4114 1227 4162 oi-

144 4186 228 4234 uitate
242 4185 291 4233 Mt
