3028 4830
280 540 428 601 mutilum
450 539 606 619 adhibuit,
631 544 722 604 euius
745 540 853 603 folium
877 543 1016 622 primum
1040 561 1057 602 e
1080 553 1190 604 uetere
1213 563 1361 626 compage

281 627 417 688 solutum
440 626 473 687 in
495 628 606 707 pagina
630 638 715 690 recta
737 628 813 689 haec
836 627 933 690 uerba
957 628 987 705 5,
1014 628 1223 709 hprohibet.
1252 677 1258 689 .
1287 677 1293 690 .
1322 631 1360 691 43

278 714 383 794 primo
406 711 478 794 lopo,
504 714 538 773 in
561 714 675 794 pagina
697 733 791 776 uersa
813 714 890 775 haec
911 715 1005 776 moris
1028 723 1124 776 suot.
1146 761 1152 775 .
1175 762 1181 774 .
1207 717 1363 778 inuetera-

281 807 331 860 tus
353 807 385 860 et
406 807 571 879 praeterea
593 801 677 862 tituli
700 800 737 861 de
758 801 879 862 Latinis
909 799 1070 862 rubricam
1093 802 1284 882 initiumque
1306 821 1363 864 us-

281 909 344 970 que
366 887 407 950 ad
426 887 461 964 6,
488 885 506 945 3
537 888 696 966 confirmat
723 885 1007 967 complectebatur:
1040 885 1138 966 idque
1164 887 1273 950 folium
1302 891 1362 951 iste

281 979 409 1039 inuerso
431 969 541 1034 ordine
564 974 607 1034 ita
630 972 817 1052 descripsit,
848 983 885 1034 nt
915 989 1041 1034 uersam
1070 975 1215 1054 paginam
1246 973 1374 1037 iaceret.

280 1071 409 1124 rectam.
455 1067 562 1137 postea
593 1059 693 1120 titulis
724 1061 848 1120 numeri
877 1055 977 1120 additi
1007 1069 1097 1136 sunt,
1131 1069 1166 1121 nt
1195 1062 1304 1123 titulus
1327 1062 1363 1123 de

282 1148 397 1210 libertis
419 1144 542 1224 primus
565 1145 672 1223 fieret,
700 1153 731 1206 et
752 1155 824 1206 ante
847 1145 942 1207 huius
963 1143 1048 1204 tituli
1073 1144 1231 1207 rubricam
1254 1147 1295 1209 ad
1318 1150 1363 1208 si-

281 1232 494 1295 militudinem
525 1231 603 1310 legis
625 1231 781 1292 Romanae
809 1231 974 1292 titulorum
1001 1229 1098 1292 index
1119 1234 1279 1312 praefixus
1301 1243 1360 1312 est,

214 1395 217 1401 Ι
281 1319 381 1382 uerba
404 1326 508 1381 autem
530 1335 629 1379 mores
745 1319 951 1394 inueteratae,
984 1318 1102 1397 quippe
1133 1337 1213 1397 quae
1243 1317 1283 1380 ad
1311 1323 1363 1381 in-

282 1407 485 1486 scriptionem
509 1403 670 1482 Epitomae
692 1405 855 1483 pertinere
878 1402 1078 1481 uiderentur,
1106 1403 1137 1464 in
1162 1405 1263 1466 fronte
1286 1425 1364 1486 ope-

282 1495 327 1554 ris
355 1501 477 1554 retenta
506 1498 591 1552 sunt.
643 1491 675 1551 in
706 1510 742 1551 eo
769 1499 892 1551 tantum
921 1509 939 1552 a
966 1490 1147 1551 Mommseni
1184 1494 1361 1554 coniectura

282 1577 413 1657 recedo,
445 1577 530 1659 quod
557 1577 584 1638 is
615 1575 735 1638 hiatum
764 1577 820 1656 qui
847 1577 931 1638 inter
963 1577 993 1652 t,
1022 1578 1040 1635 9
1071 1585 1102 1637 et
1127 1577 1163 1636 40
1197 1576 1363 1640 intercedit

281 1666 447 1726 minimum
470 1683 540 1726 esse
562 1671 679 1742 putans
701 1663 741 1723 ad
760 1663 894 1723 alterum
911 1663 1073 1741 Epitomae
1089 1661 1197 1724 folium
1213 1666 1246 1724 in
1262 1665 1363 1726 fronte

281 1751 432 1814 detritum
456 1751 564 1828 trahit,
590 1749 668 1809 mihi
691 1747 756 1808 folii
779 1749 873 1828 primi
898 1768 972 1828 pars
992 1749 1123 1809 inferior
1138 1751 1248 1811 mutila
1264 1749 1362 1813 inisse

280 1837 424 1914 uidetur,
450 1845 572 1898 uttam
595 1835 678 1896 inter
703 1837 735 1912 t,
764 1836 781 1894 9
806 1845 837 1895 et
862 1834 894 1908 i,
924 1835 960 1893 to
986 1853 1079 1914 quam
1104 1845 1176 1896 ante
1199 1857 1231 1916 p.
1258 1837 1294 1913 5,
1323 1838 1360 1896 ii

279 1924 369 2003 plura
393 1921 624 1984 interciderint.

366 2009 401 2069 ln
431 2005 555 2070 edendo
581 2005 705 2084 leiani
737 2005 916 2084 regularum
945 2005 1027 2067 libro
1057 2006 1201 2068 rubricas
1233 2017 1363 2090 propter

280 2091 438 2174 allegandi
461 2111 553 2154 usum
577 2091 709 2166 retinui,
743 2088 799 2150 sed
830 2101 865 2151 ut
887 2104 1055 2170 appareret
1077 2112 1130 2153 eas
1151 2095 1276 2174 leiani
1299 2113 1361 2155 non

282 2197 370 2256 esse,
405 2179 529 2240 uncinis
551 2176 715 2257 quadratis
737 2178 851 2256 saepsi.
901 2176 1037 2239 indicem
1061 2180 1224 2242 titulorum
1248 2180 1363 2242 codicis

281 2265 433 2342 Vaticani,
459 2266 514 2344 qui
536 2263 613 2325 adeo
636 2282 707 2324 oum
727 2263 888 2340 Epitomae
911 2265 1012 2342 ipsius
1034 2264 1171 2327 rubricis
1194 2268 1359 2344 consentit,

280 2360 316 2412 ut
339 2369 412 2412 eum
434 2351 474 2412 ad
496 2351 672 2430 proximum
696 2349 791 2410 huius
814 2347 930 2410 codicis
949 2351 1140 2432 archetypon
1157 2355 1362 2432 compositum

281 2455 350 2498 esse
369 2437 540 2498 uerisimile
556 2437 605 2513 sit,
632 2453 694 2496 non
711 2434 828 2513 recepi.
869 2436 902 2494 in
918 2446 1098 2499 contextum
1114 2440 1293 2518 regularum
1310 2457 1363 2500 eos

281 2540 408 2602 quoque
430 2523 522 2599 locos,
550 2541 628 2601 qnos
650 2520 690 2581 ab
707 2521 849 2600 Epitoma
871 2522 1001 2583 omissos
1024 2523 1151 2584 Collatio
1169 2525 1222 2586 uel
1237 2526 1362 2605 Digesta

281 2617 464 2684 seruarunt,
497 2608 632 2668 stellulis
660 2607 812 2687 adpositis
835 2608 969 2669 restitui.
1016 2610 1181 2688 Epitomen
1204 2610 1245 2672 ad
1268 2610 1361 2671 fidem

281 2694 453 2774 apographi
471 2695 643 2755 Brunniani
666 2690 707 2772 [p.
725 2694 736 2751 i
758 2701 822 2752 not.
838 2692 867 2772 2)
890 2693 994 2755 edidi:
1013 2697 1179 2757 nonnullos
1194 2707 1299 2758 tamen
1316 2697 1362 2757 lo-

281 2799 333 2841 cos
348 2779 540 2842 difficiliores
556 2782 624 2860 ipse
636 2781 749 2840 Romae
762 2796 790 2838 a.
804 2779 884 2838 tots
899 2782 930 2840 in
943 2779 1130 2843 bibliotheca
1144 2785 1288 2866 Vaticana
1306 2802 1363 2844 ex-

281 2866 431 2928 aminaui.
471 2868 504 2928 in
527 2868 609 2927 notis
631 2866 736 2926 uarias
753 2863 868 2926 codicis
884 2867 1024 2928 Vaticani
1044 2868 1097 2948 (=
1114 2869 1149 2950 0)
1165 2869 1184 2948 ¹)
1212 2870 1362 2930 lectiones

281 2970 390 3014 omnes
411 2962 540 3032 praeter
562 2951 816 3031 orthographicas
839 2951 989 3029 indicaui,
1016 2954 1177 3015 interdum
1201 2975 1240 3016 ne
1264 2957 1275 3016 i
1298 2965 1362 3016 ete

281 3038 409 3118 quidem
432 3039 606 3100 litterarum
630 3038 901 3098 commutationem
924 3042 1100 3118 praeterire
1123 3041 1219 3120 uolui,
1245 3040 1302 3102 ubi
1322 3040 1361 3102 de

280 3143 357 3185 uera
378 3124 511 3185 lectione
534 3123 674 3186 dubitari
697 3141 787 3201 posse
810 3123 988 3186 uideretur.

279 3275 586 3291 flmwvwsvmsslvxflsts
598 3278 609 3288 s*
631 3277 682 3289 lvi-‘³1
692 3278 832 3291 lists-stamet*
850 3279 903 3292 flsA
913 3280 951 3291 fist(
960 3280 1359 3295 flsd‘slvvhft'a'sssdmliuvawklw

350 3361 367 3424 1)
390 3365 419 3412 In
437 3362 652 3413 correctionibus
671 3364 776 3414 codicis
791 3365 825 3426 C,
845 3365 892 3415 ubi
911 3365 968 3414 fieri
981 3368 1082 3428 potuit,
1103 3366 1248 3427 adnotaui,
1268 3370 1359 3418 utrum

280 3431 332 3494 ipsi
349 3430 460 3482 librario
479 3445 514 3481 an
531 3432 605 3482 alteri
626 3434 715 3482 manui
736 3448 805 3497 quae
824 3433 878 3484 fere
897 3434 1019 3496 aequalis
1037 3439 1076 3484 est
1095 3435 1257 3486 debeantur:
1292 3450 1360 3487 non-

279 3499 353 3549 nulla
366 3514 382 3549 a
395 3513 477 3550 manu
490 3513 560 3550 saec.
575 3499 635 3549 XVI
649 3501 784 3566 adscripta
798 3516 857 3553 esse
870 3516 919 3552 suo
934 3502 993 3552 loco
1007 3505 1237 3554 commemorabo.

716 3759 921 3770 ....-.-—-—-
