3066 4826
549 394 635 412 ....
680 368 740 430 163
786 401 870 412 ..-.
1069 368 1107 418 De
1120 368 1178 417 iure
1190 364 1248 418 fisci

214 562 366 619 columnae
388 566 509 632 quartae
531 563 611 618 initio
634 561 783 632 leguntur,
819 560 948 616 eiusdem
977 568 1073 618 tamen
1096 560 1208 632 periodi

214 663 278 703 esse
294 647 457 702 uideantur.
987 639 988 646 '
1181 693 1184 700 .

301 733 448 804 Scriptura
474 732 581 788 codicis
606 733 668 788 iere
694 732 730 787 ad
751 733 865 788 v-vll
895 732 1044 789 saeculum
1070 734 1204 802 pertinet.

215 820 367 890 imaginem
382 819 516 875 loliorum
532 817 649 874 exhibet
663 818 751 874 editio
766 834 840 888 mea,
860 820 906 874 cui
921 819 1020 875 titulus
1036 825 1094 874 est:
1120 819 1210 888 Frag-

216 912 343 962 mentum
358 905 394 960 de
410 906 473 960 inre
489 904 551 960 fisci
567 905 613 960 ed.
633 906 663 959 Ρ.
683 905 823 974 lirueger.
850 905 961 976 Lipsiae
981 908 1073 962 4868.

619 1122 714 1184 FOLI
717 1124 773 1184 VM
792 1123 811 1184 Ι

133 1245 146 1303 4
175 1246 324 1326 {senseat
346 1261 459 1322 capere
482 1259 607 1322 possam.
645 1242 761 1304 Hercdi
784 1244 853 1304 eius
873 1244 928 1322 qui
951 1261 1064 1322 capere
1086 1260 1149 1304 non
1164 1250 1256 1323 pote-

174 1338 223 1390 rat
238 1327 401 1390 deierendi
417 1336 555 1408 potestas
571 1347 718 1390 concessa
733 1348 793 1389 uon
809 1339 873 1407 est,
898 1329 960 1390 nisi
975 1330 1005 1390 si
1017 1326 1141 1390 ostendi
1156 1330 1255 1409 possit

174 1416 243 1477 eins
270 1413 436 1477 uoluntatis
462 1412 637 1476 decessisse
663 1413 858 1494 defunctum,
886 1424 923 1475 ut
948 1413 1073 1476 deferre
1095 1433 1130 1476 se
1152 1414 1252 1476 uellet.

131 1504 154 1562 2
174 1505 351 1580 Antequam
367 1500 440 1580 quis
455 1499 496 1561 ab
510 1499 570 1560 alio
586 1498 757 1578 deleratur,
777 1502 845 1580 ipse
861 1519 894 1562 se
910 1499 1035 1562 deterre
1047 1499 1159 1562 debet:
1179 1500 1255 1562 alias

175 1605 244 1650 sero
259 1585 300 1648 ad
313 1585 466 1648 auxilium
482 1584 647 1646 delationis
662 1585 810 1666 confugit.
850 1585 978 1666 quodsi
993 1605 1052 1666 per
1066 1605 1206 1648 errorem
1221 1605 1256 1648 se
1275 1597 1289 1642 t

133 1676 154 1734 3
175 1672 336 1750 detulerit,
355 1672 435 1733 nihil
451 1673 479 1732 ei
495 1669 593 1734 officit
607 1670 837 1733 inconsiderata
853 1671 1028 1752 diligentia.
1064 1673 1116 1733 lus
1131 1681 1257 1753 patrum

175 1779 240 1836 non
254 1759 425 1836 minuitur,
443 1758 470 1818 si
486 1775 520 1818 se
535 1758 563 1818 is
577 1755 717 1835 deierat,
742 1759 797 1837 qui
814 1758 947 1820 solidum
963 1757 996 1820 id
1012 1758 1098 1838 quod
1113 1759 1258 1820 relictum

177 1855 225 1908 cst
240 1863 354 1925 capere
369 1862 433 1905 non
448 1852 562 1924 potest.
588 1863 664 1905 sane
680 1846 707 1904 si
722 1854 793 1924 post
807 1844 892 1906 diem
908 1845 1141 1907 centensimum
1153 1853 1258 1924 patres

138 1933 156 1992 l
177 1931 330 1993 caducum
346 1928 521 2007 uindicem,
547 1931 673 1990 omnino
689 1930 762 1992 fisco
777 1931 863 1992 locus
878 1949 941 1992 non
958 1939 1015 1992 est.
1059 1932 1092 1994 Si
1108 1949 1143 1992 se
1158 1931 1185 1992 is
1201 1929 1259 1993 de·

121 2055 159 2113 44
176 2051 269 2129 fetet,
288 2050 339 2111 cui
354 2045 425 2136 mein
547 2019 684 2078 perierunt
694 2017 750 2079 fere
760 2021 778 2068 5
790 2019 914 2067 uersiculi

334 2132 337 2219 1
356 2159 395 2194 s*
412 2144 553 2198 ceterum
724 2135 729 2220 1
751 2146 815 2198 tarn
830 2156 996 2218 personam

177 2257 332 2268 --——-
346 2242 388 2304 gu
552 2220 555 2303 1
580 2245 684 2280 *ela*
708 2225 776 2286 eius
799 2225 845 2286 rei
1025 2221 1028 2307 1
1053 2247 1136 2281 *ss*
1159 2224 1260 2284 nister

177 2328 254 2371 uero
270 2306 393 2392 44-1
413 2332 431 2365 s
455 2306 666 2390 quadruplum
682 2332 721 2366 44
739 2310 743 2393 1
762 2334 780 2367 s
796 2329 909 2373 nomen
931 2312 1022 2390 sequi
1039 2310 1140 2372 fissa*
1158 2308 1162 2394 1
1181 2319 1256 2383 atet.

140 2395 159 2454 ὅ
179 2397 263 2472 Bona
285 2413 391 2455 eorum
413 2395 469 2473 qui
491 2413 562 2455 cum
584 2395 659 2457 fisco
674 2397 863 2458 contrahunt
878 2420 918 2454 *a
937 2394 939 2479 1
958 2417 996 2458 *e
1011 2398 1159 2459 uacuarin
1172 2396 1261 2458 uelut

177 2478 316 2559 pt'9coris
332 2479 401 2540 iure
418 2478 490 2540 fisco
506 2479 691 2562 obliquatur,
710 2500 773 2542 non
790 2483 890 2543 solum
906 2501 1038 2563 eaquae
1054 2483 1181 2561 hahent,
1205 2478 1261 2544 sed
1281 2492 1311 2536 44

142 2566 161 2623 6
181 2570 208 2624 ot
224 2582 260 2624 ea
276 2580 358 2641 quae
373 2572 482 2643 postea
497 2564 636 2628 habituri
652 2577 736 2628 sunt.
769 2566 879 2630 Edicto
895 2568 963 2630 diui
979 2569 1104 2630 Traiani
1120 2575 1257 2640 cauetur,

182 2669 222 2711 nc
245 2650 299 2728 qui
322 2649 564 2728 prouincialium
588 2670 658 2712 cum
678 2653 782 2713 seruis
803 2653 962 2715 fiscalibus
989 2655 1176 2716 contrahunt
1199 2653 1261 2713 uisi

181 2734 367 2816 adsignante
387 2745 604 2813 procuratore:
631 2737 716 2816 quod
739 2736 856 2798 factum
877 2739 966 2820 dupli
989 2739 1102 2801 damno
1118 2739 1171 2800 uel
1185 2739 1264 2799 reli-

182 2840 316 2902 quorum
333 2819 532 2882 eccsolutione
547 2831 705 2900 pensatur.
738 2833 769 2884 et
793 2823 863 2886 ideo
884 2826 940 2904 qui
962 2821 1263 2909 0440411-

228 2909 365 2969 pert'eruut
375 2906 430 2968 sere
441 2909 459 2957 5
470 2907 594 2956 uersiculi
1063 2961 1065 2967 1
1172 2945 1176 2954 .

801 2937 961 3026 1-
974 2962 1029 3005 um
1043 2967 1083 3001 44
1101 2942 1105 3029 1
1122 2963 1263 3006 —-cus
1282 2954 1313 2998 eo

183 3028 298 3090 idom
316 3024 320 3112 1
492 3035 600 3088 contra
622 3045 798 3108 amnesque
818 3026 1263 3114 1--44444--1-0

183 3109 468 3195 contrax--l-i
484 3131 545 3174 non
562 3114 596 3174 in
608 3109 723 3196 044--1
739 3135 801 3176 *u*
813 3123 920 3177 tomen
932 3135 1039 3177 eorum
1055 3139 1095 3173 44
1112 3111 1117 3199 1
1136 3139 1176 3173 e*
1188 3134 1264 3178 uere

184 3301 542 3317 Wawmmvxlvvwawtvxmm
549 3302 638 3316 mmmm
645 3303 764 3317 Mwmnssl*
772 3304 796 3318 ‘¹1¹
1093 3303 1203 3320 ΧΙΙΨᾺΝι
1211 3305 1258 3318 mei

254 3422 560 3486 44404444144444444
581 3423 619 3473 0?
660 3421 671 3485 11
712 3425 770 3473 eius
788 3426 832 3488 qui
851 3426 888 3474 044
908 3425 940 3476 C·
981 3425 991 3487 ΙΙ
1033 3428 1119 3475 enon
1141 3424 1264 3488 Suntque,

183 3491 272 3542 oruc
317 3492 328 3555 11
376 3490 567 3542 tdeiunctum
588 3491 725 3551 Gcescltem
746 3493 849 3543 deesse
866 3495 909 3542 uel
926 3493 1083 3544 (10444440
1128 3493 1139 3557 11
1185 3493 1268 3543 uellet

185 3560 311 3621 Huschke,
325 3561 414 3612 u-C
442 3560 453 3624 11
483 3559 630 3611 tderlerre
642 3560 723 3610 debet
733 3561 836 3611 alialias
852 3562 885 3613 0⁸
912 3561 924 3624 11
954 3561 1157 3624 tconlungitG
1179 3563 1190 3626 11
1219 3575 1268 3626 per

185 3629 372 3680 crerroremc
406 3629 416 3692 11
452 3629 563 3680 tiiscus
579 3629 611 3680 C·
646 3629 657 3692 11
693 3633 724 3678 to
744 3631 788 3680 cui
801 3632 914 3680 tacitum
926 3629 1169 3682 fideicommissum
1181 3631 1265 3692 suppl.

188 3697 317 3748 Goesclren
340 3697 351 3759 11
382 3697 518 3762 44414440
534 3697 781 3761 (ueleuel'c‘uete)
800 3699 839 3750 0?
867 3700 878 3762 11
910 3698 1268 3750 taministeruerolraudts

185 3770 293 3828 temptet
305 3767 445 3817 Mommsen
485 3767 496 3830 1
538 3770 568 3815 te
589 3767 697 3831 nornen]
718 3771 791 3817 uniri.
816 3767 992 3828 (tenomen
1010 3771 1052 3819 uel
1070 3769 1188 3830 nomine)
1213 3767 1232 3820 C
1259 3765 1269 3832 11

187 3838 218 3884 44
232 3835 290 3898 iege
301 3835 473 3886 uicesimaria
491 3837 548 3898 (pro
559 3837 696 3897 uacuaria)
712 3837 840 3900 Boeclctoy
862 3836 873 3900 11
905 3841 934 3887 tt
949 3839 1070 3902 pignoris
1083 3842 1107 3888 et
1118 3836 1270 3900 obligantur

185 3905 299 3954 restituit
316 3903 390 3955 iletre
418 3905 429 3966 11
459 3904 540 3955 habet
555 3905 587 3957 G·
618 3905 629 3968 11
666 3905 976 3965 innumeremus
1004 3906 1015 3971 11
1028 3911 1030 3918 ’
1044 3905 1269 3972 quaeposteabr's

190 3972 230 4024 0⁵·
262 3971 273 4037 11
315 3975 346 4021 te
365 3971 475 4036 lactum]
495 3977 532 4023 440
543 3976 586 4024 uel
597 3973 699 4024 iactum
712 3989 728 4022 a
742 3973 762 4023 C
770 3991 777 4022 :
794 3973 906 4037 fortusse
924 3975 997 4039 quod
1010 3974 1217 4026 contrafactum
1230 3977 1271 4024 est

186 4055 238 4091 scr.
255 4041 390 4102 (similiter
402 4042 526 4104 lloeclrlte)
559 4041 570 4106 11
601 4047 631 4092 49
652 4043 819 4093 exsolutione
831 4043 989 4103 Lachmann,
1004 4045 1063 4095 eins
1076 4043 1209 4094 solutione
1225 4042 1245 4094 G
1258 4039 1269 4110 11

184 4123 235 4172 pro
246 4112 376 4174 pensatur
389 4113 437 4172 1440
452 4111 592 4173 6044040441
609 4114 694 4174 possis
706 4114 783 4162 ettam
794 4111 918 4176 pulsatur
928 4115 1064 4163 restituere
1104 4111 1116 4177 11
1157 4116 1185 4162 il
1208 4112 1270 4162 ido-

188 4179 265 4228 nea?
294 4178 305 4242 11
335 4181 367 4228 tt
387 4179 509 4243 contrari]
528 4185 668 4232 contranx
684 4181 715 4233 0¹¹
744 4182 755 4244 11
785 4181 893 4245 seuere]
908 4183 1030 4233 cauere?

1011 4266 1066 4316 tt*
