3066 4826
545 382 631 395 .,,
675 349 710 411 81
759 381 846 396 ...,,
1005 350 1237 410 munuum-r

545 622 658 684 nrnnn
680 623 844 685 rnnnvs

669 775 719 857 lul

109 898 120 955 l
235 891 429 966 *Quotiens'
421 913 465 972 rs,
491 913 541 955 eur
534 893 711 956 'bonorum
726 897 881 976 possessio
902 895 942 958 ab
958 897 1057 958 altero
1079 898 1234 978 postulata

145 978 224 1057 “,est
245 977 354 1040 furere
369 981 522 1061 eoeperit
541 999 642 1061 magrs
657 980 824 1062 probatum
842 991 945 1044 ratum
961 1001 1033 1043 eum
1056 981 1160 1045 uideri
1178 984 1235 1044 ha-

145 1025 295 1127 *buissez
323 1067 382 1126 rati
403 1067 487 1126 enim
509 1065 629 1128 habitio
651 1065 691 1129 ad
706 1067 974 1129 confirmationem
994 1069 1108 1148 prioris
1124 1081 1233 1148 postu·
1253 1083 1267 1128 5

107 1157 125 1216 2
144 1151 221 1213 *lati
237 1153 388 1232 pertinet.
415 1152 472 1213 Si
464 1171 502 1230 rs,
521 1153 571 1214 cui
588 1154 734 1233 ignorant
736 1155 745 1213 i
760 1155 860 1233 petita
876 1163 923 1215 cst
937 1153 1091 1215 bonorum
1107 1173 1234 1234 posses-

144 1236 229 1315 *sio,
257 1236 445 1316 decesserit,
475 1239 568 1300 heres
591 1241 659 1300 eius
681 1239 763 1300 intra
789 1249 932 1320 tempora
953 1240 1116 1319 petitionis
1135 1251 1232 1302 ratam

144 1323 236 1385 *eam
252 1321 370 1385 babere
386 1342 448 1384 non
464 1323 602 1404 potest*

467 1510 488 1591 [1
531 1531 568 1572 nn
592 1531 777 1574 olnnouuuo
799 1512 915 1594 nmero]

234 1632 268 1692 Si
283 1629 372 1692 fratri
389 1631 504 1711 puberi
520 1633 734 1694 controuersia
756 1631 826 1710 liat,
850 1650 889 1694 an
905 1651 962 1712 pro
976 1641 1068 1712 parte
1086 1631 1232 1714 impube·
1253 1648 1283 1692 43

145 1719 191 1778 ris
208 1715 330 1794 differri
348 1737 441 1779 causa
457 1715 582 1796 debeat,
600 1717 758 1780 uariatum
775 1727 841 1780 est:
861 1720 918 1778 sed
931 1718 1030 1797 magis
1042 1728 1100 1798 est,
1119 1728 1154 1782 ut
1170 1718 1233 1780 dil-

144 1803 220 1864 lerri
236 1821 300 1864 non
316 1801 442 1866 debeat.

504 1989 536 2070 [11
578 2011 615 2052 nn
637 2011 723 2054 nouis
746 1990 871 2072 4444444]

108 2116 118 2172 4
234 2113 269 2172 ln
284 2109 377 2172 bonis
399 2109 506 2171 liberti
528 2112 616 2190 prior
637 2119 686 2172 est
705 2119 858 2192 patronus
879 2129 974 2190 qnam
996 2111 1079 2172 filius
1101 2111 1232 2174 alterius

143 2197 287 2278 patroni,
319 2198 461 2276 itemque
482 2197 569 2276 prior
591 2205 639 2258 cst
661 2197 745 2258 filius
767 2198 892 2277 patroni
914 2215 1010 2276 quam
1030 2215 1131 2278 nepos
1152 2199 1233 2260 alte-
1252 2214 1283 2260 43

105 2287 124 2349 2
143 2285 213 2346 rius
229 2283 365 2363 patroni.
405 2281 550 2343 Libertus
566 2282 646 2344 dnos
660 2293 809 2363 patronos
830 2282 966 2344 herodes
980 2283 1134 2346 instituit:
1154 2285 1234 2346 alter

144 2388 255 2431 eorum
271 2369 347 2430 uiuo
367 2367 482 2430 liberto
504 2371 654 2430 moritur:
683 2370 710 2430 is
732 2369 788 2449 qui
809 2379 956 2448 superest
978 2378 1086 2432 contra
1108 2369 1233 2432 tabulas

104 2458 122 2517 3
142 2457 329 2517 testamenti
349 2453 504 2516 bonorum
532 2456 761 2534 possessionem
786 2464 872 2516 recte
894 2455 1043 2534 postulat.
1089 2455 1233 2518 Liberto-

144 2561 218 2602 rum
235 2539 398 2602 hereditas
414 2541 447 2600 in
464 2543 584 2620 capita,
604 2559 666 2601 non
683 2542 716 2601 in
732 2542 851 2620 stirpes
867 2539 1042 2603 diuiditur:
1070 2551 1101 2603 et
1117 2542 1188 2604 ideo
1205 2543 1231 2603 si

143 2629 244 2689 unius
264 2627 388 2706 patroni
412 2625 475 2688 dno
497 2629 561 2688 sint
585 2626 678 2687 liberi
701 2636 732 2687 et
758 2627 890 2688 alterius
917 2636 1084 2706 quattuor,
1114 2628 1231 2708 singuli
1249 2643 1282 2689 43

104 2717 122 2775 l
141 2715 258 2774 uiriles
285 2711 337 2790 (id,
350 2721 398 2774 est
413 2713 571 2796 aequales)
599 2713 760 2792 portiones
782 2710 958 2774 habebunt.
1005 2714 1158 2774 Patronus
1178 2715 1233 2775 uel

142 2799 272 2879 patroni
288 2797 382 2860 liberi
405 2817 444 2859 ex
459 2808 549 2878 parte
565 2797 698 2860 dimidia
713 2798 850 2860 heredes
869 2799 1006 2860 instituti
1023 2817 1076 2860 aas
1092 2799 1230 2860 alienum

103 2885 252 2946 bliberti
279 2902 337 2964 pro
365 2883 565 2964 portionibus
595 2884 759 2945 exsoluere
788 2893 955 2964 coguntur.
1002 2882 1110 2946 *Sicut
1131 2894 1231 2946 testa-

142 2969 272 3032 *mento
300 2969 380 3032 lacto
407 2968 582 3031 decedente
607 2968 721 3030 liberto
743 2979 881 3052 potestas
904 2969 999 3032 datur
1020 2980 1151 3049 patrono
1177 2969 1231 3031 uel

143 3055 322 3118 *libertatis
342 3073 437 3118 causa
453 3056 598 3136 imposita
618 3066 726 3136 petere
746 3056 800 3116 uel
815 3055 914 3135 partis
935 3055 1090 3116 bonorum
1105 3073 1230 3136 posses·
1248 3070 1282 3116 rs
1307 3054 1309 3066 ’

143 3142 296 3220 *sionem,
315 3143 404 3203 itaet
420 3161 491 3203 cum
508 3143 654 3204 intestato
666 3140 851 3219 decesserit,
870 3161 978 3203 earum
995 3159 1102 3202 rerum
1120 3142 1230 3202 electio

102 3230 122 3288 6
143 3227 194 3291 *ei
212 3237 330 3290 manet.
370 3226 497 3288 Liberto
519 3247 576 3307 per
591 3226 809 3307 obreptionem
826 3188 1005 3308 abrogato
997 3247 1047 3289 rus
1063 3246 1156 3288 snum
1171 3247 1230 3338 pa-

142 3313 276 3375 *tronus
291 3331 354 3373 non
370 3314 497 3375 amittit.
501 3315 518 3346 *

138 3497 623 3514 umAJxMNWVVmANVMAMAMAAMA

213 3603 553 3667 cumbremare
596 3601 607 3665 ιι
650 3603 964 3666 u,n=crp.‚,tcor
1004 3602 1014 3664 44
1053 3602 1230 3664 uranu.

141 3677 185 3732 34,
202 3675 290 3732 runo
321 3643 680 3734 necabamus

140 3826 194 3840 Μ
199 3823 612 3838 mnNvaxAtvvvvvxss-ANWWNN
836 3821 1226 3837 RN‘WVVVVVWWWVWVWWW

213 3945 345 4009 tuideri]
360 3950 479 4007 4444434434
492 3957 546 3994 non
558 3944 658 4003 uideri,
673 3944 706 4006 cs.
721 3943 782 4006 Dlp.
797 3945 840 4002 29,
855 3946 880 4004 2,
895 3944 926 3991 48
968 3941 979 4004 ll
1022 3946 1051 3990 444
1072 3943 1230 3994 si...im-

140 4014 265 4080 puberis}
286 4019 404 4076 captores
423 4015 445 4063 si
464 4013 593 4064 iratribus
611 4012 709 4076 puberi
727 4015 754 4061 et
772 4011 908 4075 impuberi
921 4013 1108 4062 controuersia
1120 4011 1174 4074 fiat,
1194 4025 1228 4062 an
1277 4055 1278 4058 ,

140 4098 192 4148 pro
204 4087 282 4148 parte
293 4083 407 4147 puberis
420 4083 550 4143 (similitor
566 4081 697 4141 Cretonius)
728 4081 739 4143 41
770 4084 801 4128 lt
820 4080 890 4130 duos
901 4083 1031 4144 patronos
1044 4085 1131 4132 tuctur
1144 4083 1229 4131 loter-

138 4155 261 4214 prctotic,
275 4154 419 4213 requiritur
431 4153 486 4212 lere
497 4152 544 4214 qul
558 4150 627 4200 duos
639 4151 769 4214 patronos
781 4148 885 4211 habult,
899 4153 1042 4200 extraneos

1005 4239 1019 4284 6
