3066 4826
309 365 368 429 le.
385 365 457 415 Paul.
690 399 774 410 --
821 365 881 427 160
924 399 1010 410 .-..

435 559 571 615 Boethius
594 561 622 614 in
639 560 743 630 Topica
762 565 789 630 3,
812 564 828 617 l
858 554 961 635 (Raiter
975 575 1004 629 p.
1026 554 1095 634 299)
1123 575 1159 614 ex
1173 559 1284 629 leiaui
1298 559 1348 612 lu-

350 643 545 700 stitutiouibus
568 660 625 703 non
648 645 684 700 ad
707 645 808 714 uerba,
835 645 884 700 sed
905 647 1038 715 magistu
1053 644 1170 702 modum
1186 646 1346 715 argumenti

350 730 421 786 haec
436 731 561 786 rettulit:

392 879 505 940 Tribus
527 880 611 940 euim
634 879 736 941 modis
754 899 834 941 uxor
849 879 1042 958 habebatur,
1066 898 1127 942 usu
1142 879 1244 940 farreo
1260 897 1389 959 coemp-

306 966 400 1028 tione.
442 965 500 1027 sed
515 964 721 1027 confarreatio
738 967 812 1028 solis
826 966 1029 1046 pontificibus
1044 964 1265 1028 conueniebat.
1305 983 1387 1044 quae

305 1061 410 1112 autem
426 1052 459 1111 in
474 1070 603 1113 manum
619 1071 678 1132 per
693 1052 921 1132 coemptionem
939 1061 1164 1127 conuenerant,
1184 1069 1238 1112 eae
1255 1059 1388 1111 matres-

305 1136 439 1198 familias
468 1137 680 1199 uocabeutur:
714 1156 796 1217 quae
821 1156 899 1199 uero
924 1158 985 1201 usu
1011 1138 1062 1199 uel
1090 1136 1209 1216 farreo,
1242 1137 1381 1197 minime.

304 1225 457 1304 coemptio
476 1242 552 1284 uero
574 1225 670 1286 certis
690 1222 954 1286 sollemnitatibus
969 1223 1198 1304 peragebatur,
1221 1231 1253 1284 ct
1268 1241 1338 1284 sese
1353 1225 1385 1284 iu

304 1307 474 1370 coemendo
500 1310 638 1371 inuicem
665 1309 918 1389 interrogabaut:
951 1311 1003 1372 uir
1028 1311 1089 1389 ita,
1118 1329 1161 1370 an,
1184 1309 1244 1370 sibi
1270 1309 1387 1370 mulier

304 1395 538 1456 materfamilias
554 1415 623 1456 esse
639 1396 760 1456 uellet‘f
797 1396 849 1457 illa
865 1393 1078 1476 respondebat
1092 1396 1194 1457 uelle:
1219 1396 1295 1455 item
1312 1414 1384 1456 mu-

304 1482 363 1542 lier
379 1480 602 1562 interrogabat,
627 1501 667 1542 an
690 1482 742 1542 uir
764 1482 824 1543 sibi
848 1481 1073 1562 paterfamilias
1089 1501 1158 1544 esse
1173 1481 1294 1542 uellet?
1331 1481 1384 1542 ille

305 1566 516 1646 respondebat
532 1568 626 1628 uelle.
652 1568 759 1647 itaque
774 1568 890 1629 mulier
900 1568 962 1629 uiri
974 1566 1183 1629 conueniebat
1195 1568 1228 1627 in
1241 1585 1380 1646 manum,

303 1662 335 1712 ct
349 1652 545 1714 uocabantur
560 1653 618 1714 hae
634 1656 764 1733 nuptiae
779 1673 838 1734 per
854 1655 1101 1734 coemptionem,
1128 1665 1159 1715 et
1180 1662 1248 1714 erat
1268 1653 1384 1714 mulier

302 1737 538 1800 materfamilias
559 1740 629 1800 uiro
651 1740 717 1800 loco
740 1740 832 1801 filiae.
879 1758 973 1820 quam
996 1740 1237 1801 sollemnitatem
1261 1739 1293 1798 iu
1316 1740 1384 1800 suis

302 1825 454 1886 institutis
470 1826 622 1906 leianus
638 1827 777 1906 exponit.

430 2121 612 2192 Spicilegium
635 2121 815 2178 Solesmense
838 2121 884 2177 ed.
903 2123 978 2178 Pitra
993 2122 1004 2176 l
1019 2140 1050 2195 p.
1070 2127 1124 2179 28⁴
1154 2123 1228 2178 iuter
1246 2123 1337 2177 Pacati

343 2213 477 2277 excerpta
492 2207 571 2263 huuc
586 2207 681 2264 locum
696 2207 810 2263 aliunde
825 2223 883 2262 nou
897 2213 997 2263 notum
1008 2202 1028 2282 ¹)
1050 2206 1182 2264 exbibet:

384 2357 537 2435 leianus
552 2354 634 2416 libro
644 2355 664 2438 2)
686 2356 726 2418 ad
742 2355 879 2418 edictum
895 2366 984 2417 sexto
1000 2357 1055 2435 qui
1067 2375 1124 2436 pro
1136 2357 1258 2417 aliisue
1270 2363 1380 2436 postu-

299 2441 364 2501 lent
380 2442 470 2502 titulo
485 2451 573 2503 sexto
589 2443 635 2503 sic
652 2440 765 2503 refert:
796 2443 980 2504 lnuenimus
995 2443 1078 2521 apud
1095 2452 1222 2504 ueteres
1239 2442 1379 2503 mulieris

298 2527 508 2607 appellatione
524 2529 617 2588 etiam
632 2528 772 2608 uirgines
780 2528 800 2611 3)
822 2530 987 2590 contineri.

641 2817 751 2883 PAVLI
772 2819 1035 2882 FRAGMENTVM

383 2940 496 3000 Paulus
520 2940 735 3002 institutorum
757 2939 839 3001 libro
855 2939 994 3002 secundo
1009 2939 1099 3000 titulo
1115 2938 1155 3000 de
1172 2938 1310 3000 dotibus.
1344 2941 1378 3002 Si

296 3024 468 3086 diuortium
490 3035 537 3086 est
560 3027 750 3087 matrimonii
772 3037 802 3088 et
823 3027 882 3087 boo
904 3029 973 3087 sine
995 3025 1086 3105 culpa
1103 3026 1245 3086 mulieris
1260 3025 1378 3087 factum

295 3120 354 3189 est,
372 3109 429 3171 dos
445 3111 567 3191 integra
583 3121 754 3191 repetetur.
789 3111 914 3190 quodsi
931 3112 1023 3192 culpa
1037 3113 1181 3172 mulieris
1197 3110 1313 3173 fectum
1329 3122 1378 3173 est

294 3196 477 3274 diuortium,
504 3198 536 3257 in
559 3197 700 3277 singulos
714 3197 832 3258 liberos
847 3208 936 3259 sexta
951 3216 1025 3278 pars
1041 3197 1123 3259 dotis
1138 3216 1155 3258 a
1171 3199 1283 3258 marito
1299 3198 1378 3258 reti-

294 3292 390 3344 netur
404 3301 506 3362 usque
522 3281 562 3344 ud
578 3282 714 3344 mediam
729 3293 850 3364 partem
867 3283 1031 3344 dumtaxat
1046 3282 1138 3344 dotis.
1189 3333 1190 3338 ,

422 3443 481 3498 lloc
497 3442 574 3498 Pauli
596 3442 786 3512 fragmentum
808 3445 837 3498 iu
852 3443 960 3498 Boethii
983 3443 1187 3500 commentario
1203 3442 1239 3498 ad
1256 3443 1328 3512 Top.

338 3533 366 3598 2,
389 3531 416 3596 l,
441 3533 476 3584 tt
498 3521 594 3602 (Orelli
611 3544 639 3598 p.
661 3524 731 3599 303)
751 3535 898 3583 seruatum
914 3535 966 3584 est.

292 3795 467 3811 *vesum-All!
477 3797 593 3809 blada-flu
604 3796 674 3809 lxlnlsld
685 3798 689 3806 r
701 3799 704 3806 a
717 3799 736 3806 «s
758 3799 800 3808 aa:
812 3799 816 3808 r
829 3797 848 3809 (μ
860 3799 864 3807 r
874 3797 959 3809 jasa-ra
969 3797 975 3806 Ι
986 3795 1372 3810 Ιψπα-ΙακΙΛΝΨΛΛΛΛΜΛΛΑΛΜΑ

361 3901 377 3964 ¹)
399 3901 432 3963 cs.
448 3901 506 3964 Dip.
523 3905 564 3962 5⁰,
581 3903 622 3962 to,
639 3903 668 3948 ⁴3
680 3913 722 3962 pr.
743 3905 769 3950 et
786 3899 912 3964 Boeclciop
929 3901 1029 3959 l'lpioui
1038 3899 1186 3962 fropmeota
1199 3902 1238 3950 ed.
1255 3902 1307 3962 tp.
1325 3905 1373 3949 t77

290 3966 309 4032 2)
330 3969 434 4022 liberC
468 3967 487 4032 ³)
508 3971 637 4019 mulieres
650 3983 675 4018 e.
690 3983 713 4020 e.
728 3970 841 4031 uirginis
857 3970 876 4020 C
