3066 4826
502 1357 549 1440 M.
577 1357 766 1441 VALllllll
792 1357 926 1440 PROBI

428 1551 480 1610 nu
501 1549 616 1612 nous
638 1550 739 1612 runs
761 1547 996 1610 FRAGMENTA

301 1745 332 1798 ln
347 1742 432 1800 Probi
447 1743 587 1814 opusculo
603 1743 639 1799 de
655 1746 729 1801 notis
745 1743 815 1798 iuris
831 1743 943 1822 edendo
958 1745 1209 1801 Mommseniauam

216 1829 370 1887 editionem
385 1830 503 1885 alteram
517 1832 607 1886 secuti
623 1845 740 1897 sumus,
760 1845 834 1900 qnae
850 1836 961 1900 partem
977 1829 1043 1885 iacit
1058 1829 1210 1886 Gramma-

216 1915 338 1973 ticorum
352 1916 517 1971 Latinorum
532 1913 568 1971 ab
585 1917 618 1971 H.
638 1916 729 1972 Keilio
750 1915 937 1972 collectorum
963 1909 1082 1991 (Lipsiae
1096 1917 1155 1974 uol.
1174 1918 1210 1972 lv

220 2005 298 2060 1864
315 2017 346 2072 p.
360 2005 414 2058 til
432 1993 526 2078 sqq.).
552 2002 660 2072 pendet
672 2008 767 2058 autem
782 2002 864 2057 crisis
879 2003 908 2056 in
922 2000 1015 2058 Probo
1032 2003 1209 2059 restituendo

217 2088 391 2157 exercenda,
419 2093 450 2142 ut
464 2089 621 2144 Mommsen
636 2089 799 2160 perspexit,
827 2103 862 2143 ex
883 2086 997 2145 duobus
1015 2086 1209 2146 subsidiorum

215 2172 384 2244 generibus:
404 2190 529 2244 quorum
544 2175 666 2230 alterum
680 2175 750 2245 ipsis
765 2175 806 2229 eis
821 2172 969 2230 codicibus
980 2175 1113 2245 efficitur,
1133 2189 1210 2246 quo-

215 2277 281 2314 rnm
303 2261 353 2330 qui
374 2259 461 2316 hodie
483 2261 567 2330 periit
589 2260 764 2333 archetypus
785 2258 871 2315 Probi
893 2259 929 2315 de
952 2262 1027 2316 notis
1049 2277 1123 2331 opus
1144 2262 1211 2332 plns

216 2347 348 2402 minusue
360 2347 502 2416 integrum
513 2347 702 2403 continuerat.
729 2362 764 2401 ex
775 2345 820 2401 his
832 2345 979 2403 codicibus
988 2347 1208 2404 llommseniana

217 2431 302 2488 editio
317 2429 432 2488 duobus
447 2433 626 2503 potissimum
637 2427 741 2488 'nititur
755 2433 870 2488 saeculo
882 2433 933 2488 XV
949 2427 1135 2490 exeunteuel
1146 2435 1210 2490 xvi

216 2519 368 2588 incipient-e
391 2519 577 2589 conscriptis:
607 2517 797 2576 Ambrosiano
819 2519 833 2573 J
858 2523 915 2576 tto
938 2535 1003 2590 sup.
1030 2526 1059 2575 et
1081 2521 1209 2577 Romano

216 2603 351 2673 Chigiauo
367 2604 388 2660 l.
407 2605 459 2672 lll.¹
474 2607 545 2675 tol,
572 2607 623 2674 qui
637 2602 722 2660 Probi
741 2605 942 2660 ‘collectionem
964 2607 993 2660 iu
1008 2605 1065 2662 fine
1080 2607 1209 2662 mutilam

215 2690 342 2746 tradunt.
368 2690 490 2745 alterum
506 2688 701 2747 subsidiorum
716 2705 807 2760 genus
822 2694 932 2761 primus
948 2694 983 2747 et'
992 2691 1098 2746 detexit
1114 2699 1142 2748 et
1157 2692 1211 2747 ad-

215 2773 308 2832 hibuit
330 2777 504 2832 Mommsen:
534 2779 585 2848 qui
607 2792 673 2832 cum
695 2775 902 2847 additamenta,
929 2775 1036 2847 quibus
1057 2778 1086 2831 in
1109 2777 1209 2834 codice

215 2861 385 2918 Einsidlensi
403 2867 461 2920 326
477 2877 553 2917 saec.
572 2863 600 2916 X
623 2867 756 2918 notarum
778 2862 886 2934 sylloge
901 2879 976 2933 qnae
992 2863 1079 2932 uulgo
1094 2864 1209 2933 Pupieni

216 2948 320 3005 dicitur
334 2954 418 3004 aucta
434 2954 492 3016 est,
519 2964 554 3004 ex
569 2945 662 3004 Probo
684 2954 799 3018 sumpta
821 2963 885 3004 esse
901 2949 1105 3018 intellexisset,
1130 2947 1209 3004 hunc

186 3025 189 3034 ’
215 3032 343 3090 codicem
366 3049 424 3090 non
446 3033 540 3090 solum
561 3033 596 3089 ad
613 3033 807 3089 emendandas
822 3049 870 3090 eas
885 3040 982 3104 partes
997 3031 1082 3090 Probi
1098 3035 1205 3104 operis,

215 3135 287 3190 quas
302 3135 389 3190 snpra
405 3119 470 3176 dicti
494 3119 608 3176 codices
630 3120 861 3190 complectuntur
882 3119 1031 3186 adhibuit,
1056 3120 1209 3176 sedetiam

215 3221 264 3260 eas
286 3204 371 3260 Probi
393 3211 492 3275 notaS,
518 3218 594 3276 quae
616 3207 644 3260 in
668 3203 896 3261 Einsidlensibus
919 3205 1119 3262 additamentis
1140 3207 1209 3263 solis

214 3293 402 3347 inueniuntur
413 3298 442 3347 et
457 3308 492 3346 ex
507 3283 660 3361 integriore
677 3293 779 3362 eisqui
795 3290 881 3348 hodic
897 3297 994 3348 extant
1008 3290 1091 3348 Probi
1108 3293 1207 3350 codice

215 3383 361 3450 auctorem
376 3377 561 3433 Einsidlensis
577 3377 755 3434 collectionis
769 3377 900 3434 hausisse
917 3377 1125 3448 demonstrant,
1146 3379 1208 3436 col-

214 3463 287 3519 lecta
302 3463 493 3534 supplementi
509 3461 595 3520 modo
610 3463 730 3519 addidit.
760 3479 829 3534 ‘quo
850 3463 1052 3534 supplemento
1074 3471 1105 3520 ut
1130 3471 1207 3521 recte

214 3555 339 3616 utamur,
358 3549 515 3605 tenendum
527 3556 570 3604 est
581 3549 766 3605 Einsidlensis
778 3549 954 3606 collectionis
964 3555 1111 3606 auctorem
1123 3549 1207 3607 Probi

215 3641 296 3691 notas
302 3636 407 3705 passim
418 3638 448 3690 in
459 3633 541 3691 binas
553 3635 600 3690 uel
612 3640 708 3690 ternas
720 3636 905 3705 discerpsisse
917 3643 946 3691 et
957 3635 1117 3691 secundum
1129 3637 1208 3692 litte-

213 3736 312 3776 rarum
328 3720 469 3788 ordinem,
488 3737 575 3792 quem
590 3726 648 3778 tota
664 3721 793 3777 collectio
805 3721 991 3778 Einsidlensis
1005 3737 1071 3778 cum
1083 3722 1207 3792 Papiauo

214 3807 355 3876 sequitur,
371 3807 501 3877 Papianis
513 3809 586 3863 uotis
597 3807 762 3862 inseruisse.
789 3809 827 3862 ita
839 3823 869 3862 u.
884 3823 913 3877 g.
928 3792 1108 3865 notac'Probi
1122 3814 1150 3877 3,
1170 3812 1206 3865 tl

214 3891 247 3948 S·
272 3892 305 3959 Q·
323 3892 356 3948 S·
373 3891 405 3948 S·
423 3894 457 3948 Ε·
476 3893 511 3960 Q·
528 3895 566 3950 N·
583 3895 608 3950 l·
625 3891 657 3949 S·
674 3894 708 3949 ll·
726 3893 760 3948 E·
779 3892 814 3947 ll·
831 3894 865 3948 L·
882 3894 921 3950 N·
938 3895 972 3948 n·
996 3897 1021 3950 si
1044 3895 1111 3966 quid
1132 3897 1209 3950 sacri

142 3977 147 3988 '
214 3981 306 4034 sancti
321 3967 371 4047 cst,
398 3980 471 4051 qood
486 3996 543 4035 non
557 3982 619 4036 iore
632 3981 669 4036 cit
683 3986 825 4051 reputem,
852 3981 911 4035 dos
927 3980 980 4036 boc
997 3979 1056 4052 lcpe
1070 3979 1141 4035 nibil
1156 3991 1221 4037 ro-'

213 4065 342 4136 poterin
358 4063 529 4120 Einsidlensi
544 4064 615 4120 hacc
631 4066 683 4120 tria
698 4065 855 4135 fragmenta
872 4071 978 4133 extant,
997 4065 1052 4122 sub
1067 4066 1161 4122 littera
1174 4066 1211 4122 Sa

216 4149 248 4206 S·
267 4149 302 4216 Q·
319 4150 352 4205 S·
370 4149 402 4206 S·
420 4151 453 4206 E·
478 4153 579 4224 siquis
594 4153 669 4206 sacri
683 4153 774 4207 sancti
790 4159 839 4222 est,
866 4148 920 4206 sub
943 4151 1036 4207 littera
1054 4149 1093 4220 Q:
1121 4150 1155 4218 Q·
1173 4151 1205 4209 S·
