3066 4826
297 343 506 404 mutuno
676 373 762 390 -·
808 343 866 406 108
911 377 996 390 ...-

255 535 276 594 2
295 541 439 613 possunt.
463 534 595 595 Veritati
610 542 642 594 at
657 535 771 614 origini
789 533 992 613 ingenuitatis
1006 533 1209 595 manumissio
1225 551 1382 613 quocum-

255 620 275 680 3
296 636 359 697 que
376 617 466 680 modo
481 619 562 680 facta
581 637 645 680 uon
660 619 869 700 praeiudicat.
916 619 1092 699 Descriptio
1113 621 1323 700 ingenuorum
1339 639 1380 680 ex

296 703 397 764 officio
412 703 478 766 fisci
495 705 578 766 inter
592 703 729 767 fiscalem
744 705 895 767 familiam
907 703 988 767 facta
1003 706 1190 784 ingenuitati
1205 724 1268 766 non
1284 724 1380 785 prae-

259 793 276 852 l
296 789 424 853 iudicat.
464 791 525 863 Qui
539 800 627 852 metu
642 800 673 853 et
689 791 894 872 impressione
910 791 1043 853 alieuius
1063 791 1193 852 terroris
1208 790 1294 872 apud
1310 799 1381 854 acta

294 875 452 956 praesidis
474 895 604 938 seruum
619 896 652 939 se
676 895 746 938 esso
769 878 918 939 mentitus
934 885 997 954 est,
1022 885 1132 956 postea
1152 885 1269 939 statum
1285 895 1379 938 suum
1400 889 1417 934 a

256 965 276 1023 t
295 960 478 1024 defendenti
502 981 565 1024 non
586 962 794 1043 praeiudicat.
842 964 912 1024 Post
933 971 1116 1043 susceptum
1137 961 1271 1024 liberale
1292 961 1381 1025 indi-

295 1048 379 1108 cium
391 1047 418 1109 si
430 1047 574 1111 adsertor
586 1067 711 1112 causam
722 1048 908 1126 deseruerit,
927 1049 960 1109 iu
972 1048 1069 1110 alium
1079 1047 1275 1110 adsertorem
1286 1067 1382 1111 omne

295 1131 448 1200 iudicium
459 1133 626 1196 transferri
637 1135 771 1215 placuit:
790 1137 823 1196 in
835 1136 975 1216 priorem
989 1153 1079 1214 uero,
1098 1133 1183 1214 quod
1197 1133 1382 1215 prodendae

195 1269 198 1276 ,
294 1218 451 1282 libertatis
473 1221 573 1300 gratia
595 1221 792 1296 factumest,
818 1230 909 1283 extra
923 1219 1069 1282 ordinem
1089 1219 1288 1282 uindicatur:
1315 1239 1380 1282 non

295 1307 381 1366 enim
396 1316 519 1386 oportet
533 1315 713 1386 susceptam
729 1315 828 1370 status
844 1325 972 1369 oausam
987 1306 1074 1368 nulla
1090 1314 1221 1386 cogente
1237 1309 1382 1368 necessi·
1402 1317 1434 1361 ⁴⁰

256 1393 276 1450 6
295 1401 360 1453 tate
380 1390 524 1453 destitui.
569 1389 646 1454 *Cui
668 1393 841 1455 nenessitas
860 1391 1017 1474 probandi
1039 1391 1080 1454 de
1103 1393 1300 1472 ingenuitate
1321 1411 1383 1454 sua

294 1476 375 1538 *non
398 1477 567 1554 incumbit,
594 1479 677 1540 ultro
700 1480 727 1540 si
750 1480 819 1559 ipse
841 1477 977 1559 probare
994 1477 1172 1553 desideret,
1198 1477 1383 1540 audiendus

256 1562 276 1623 'l
294 1561 372 1624 *est
418 1564 479 1636 Qui
494 1563 534 1626 de
551 1565 747 1644 ingenuitate
762 1573 969 1645 cognoscunt,
988 1563 1029 1626 de
1044 1565 1302 1643 calumniamus,
1323 1566 1381 1644 qui

294 1647 433 1710 *temere
445 1651 689 1712 controuersiam
705 1651 813 1729 mouit,
832 1649 872 1712 ad
886 1648 1015 1712 modum
1027 1650 1132 1712 exsilii
1145 1659 1278 1731 possunt
1293 1648 1383 1712 ferre

255 1737 276 1794 8
293 1733 512 1798 *sententiam
559 1738 688 1798 Tutores
702 1736 755 1798 uel
771 1745 931 1799 curatores
946 1736 1155 1817 pupillorum,
1178 1754 1313 1816 quorum
1327 1745 1385 1797 tu·
1403 1748 1437 1794 ss

295 1818 408 1884 *telam
432 1831 463 1882 et
487 1841 540 1883 res
561 1821 881 1901 administrauerunt,
908 1831 1018 1902 postea
1040 1831 1139 1884 status
1162 1823 1383 1901 quaestionem

256 1909 276 1967 9
293 1905 416 1968 *facere
433 1926 495 1968 non
511 1918 651 1988 possunt.
691 1909 820 1970 Maritus
835 1909 926 1970 uxori
941 1906 1111 1989 eidemque
1130 1905 1263 1970 libertae
1279 1917 1384 1972 status

293 1991 528 2072 *quaestionem
544 1994 663 2056 inferre
680 2013 743 2056 uon
758 1993 976 2075 prohibetur*

816 2175 861 2264 [υ]

258 2297 271 2360 l
380 2299 520 2363 *Locatio
529 2301 741 2380 uectigalium,
757 2321 839 2382 quae
847 2302 1089 2365 calorlicitantis
1100 2300 1322 2364 ultramodum
1329 2320 1384 2362 so·
1402 2315 1435 2361 ao

294 2384 387 2447 *litae
399 2385 616 2448 conductionis
628 2387 761 2466 inflauit‚
777 2390 820 2451 ita
832 2387 960 2450 demum
972 2387 1169 2450 admittenda
1180 2396 1239 2466 est,
1260 2387 1288 2448 si
1299 2386 1384 2450 fide-

294 2469 451 2534 *iussores
462 2471 592 2533 idoneos
607 2481 639 2534 et
654 2475 830 2536 cautionem
845 2475 873 2536 is
888 2475 944 2554 qui
955 2475 1126 2536 licitatione
1138 2473 1253 2536 uicerit
1264 2473 1384 2535 offerre

258 2559 276 2618 2
294 2556 442 2636 *paratus
457 2559 509 2620 sit.
533 2556 583 2620 Ad
597 2557 839 2622 conducendum
850 2560 989 2640 uectigal
999 2561 1120 2622 inuitus
1136 2579 1227 2621 nemo
1239 2560 1384 2640 compel-

295 2642 390 2705 *litur
412 2653 443 2705 et
462 2643 534 2712 ideo
560 2644 690 2724 impleto
710 2654 850 2726 tempore
873 2645 1091 2709 conductionis
1118 2644 1269 2707 elocauda
1290 2654 1380 2707 sunt.

257 2730 275 2790 3
295 2726 531 2810 *Reliquatores
546 2727 748 2810 uectigalium
763 2730 804 2793 ad
823 2731 1000 2794 iterandam
1016 2731 1266 2810 conductionem,
1286 2739 1383 2794 ante·
1403 2745 1436 2791 25

294 2815 407 2894 *quam
419 2817 572 2897 superiori
585 2815 783 2878 conductioni
796 2817 998 2896 satisfaciant,
1015 2816 1203 2880 admittendi
1214 2836 1278 2879 non
1290 2826 1379 2880 sunt.

257 2904 275 2964 i
295 2901 478 2964 *Debitores
491 2901 557 2964 fisci
568 2903 705 2982 itemque
717 2905 764 2965 rel
776 2902 920 2983 publicae
932 2903 1100 2984 uectigalia
1115 2902 1291 2966 conducere
1303 2920 1384 2982 pro-

277 3031 279 3036 ,
294 2987 475 3067 *hibentur‚
494 3007 535 3050 ne
547 3008 587 3050 ex
598 2989 659 3050 alia
670 3007 763 3050 eausa
778 3008 887 3050 eorum
899 2988 1008 3051 debita
1018 2999 1205 3051 onerentur:
1225 2990 1286 3050 nisi
1299 2987 1383 3051 forte
1398 2989 1413 3020 ⁸

295 3073 393 3136 *tales
414 3073 616 3136 fideiussores
637 3073 825 3154 obtulerint,
851 3077 905 3156 qui
928 3073 1045 3137 debitis
1067 3095 1176 3138 eorum
1198 3073 1382 3137 satisfacere

257 3158 277 3218 5
294 3159 415 3242 *parati
437 3162 511 3222 sint.
549 3161 632 3222 Socii
652 3161 854 3240 uectigalium
869 3163 898 3222 si
919 3163 1090 3242 separatim
1104 3169 1212 3242 partes
1225 3161 1383 3223 adminis-
1401 3175 1434 3220 so

295 3244 417 3324 *trent‚
442 3247 523 3308 alter
545 3245 586 3307 ab
606 3247 705 3308 altero
728 3247 833 3308 minus
850 3245 962 3308 idoneo
983 3249 1016 3308 in
1032 3266 1066 3309 se
1081 3249 1257 3328 portionem
1271 3256 1382 3310 trans-

257 3331 277 3390 6
295 3330 391 3392 *ferri
405 3333 474 3393 iure
489 3330 663 3395 desiderat.
710 3332 800 3406 Quod
815 3333 924 3394 illicite
946 3333 1074 3414 publice
1089 3333 1304 3414 priuatimque
1320 3353 1381 3394 ex-

295 3416 418 3479 *aotum
439 3426 487 3478 est
504 3437 575 3479 cum
590 3418 689 3480 altero
710 3429 796 3482 tauto
812 3420 914 3499 passis
934 3419 1085 3482 iniuriam
1100 3418 1293 3481 exsoluitur:
1318 3437 1382 3499 per

864 3599 869 3611 ἱ

651 3621 966 3636 VVWWWVVWWWVWV

367 3731 391 3786 t,
408 3729 473 3774 o-s
488 3746 518 3768 =
534 3727 592 3790 Dig.
609 3728 650 3786 to,
666 3729 707 3788 tt,
722 3731 764 3776 39·
785 3726 795 3789 ΙΙ
827 3731 868 3788 tu,
884 3729 949 3777 4-9
964 3747 995 3770 ==
1009 3728 1069 3791 Dig.
1085 3731 1127 3787 39,
1143 3729 1166 3787 t,
1181 3731 1195 3776 9

297 3878 1381 3894 AMNVVVWVWWVWVVVVWWNWVWVVWWWVWFVVWVVVWVVWVVWWuUVUum1

303 3983 305 3988 ,
366 4019 397 4065 tt
416 4017 494 4081 quae]
509 3975 592 4082 quam
607 4017 724 4068 Getoeer
753 4017 763 4080 ΙΙ
793 4015 1070 4078 sarcinatorem
1098 4017 1109 4080 u
1140 4021 1171 4068 et
1190 4019 1379 4082 elocaudaF1,

294 4084 455 4204 {adamum
469 4083 500 4134 ΓΙ
537 4087 548 4148 ss
589 4090 616 4134 3¹
640 4085 786 4137 transferre
799 4088 858 4136 iure
873 4085 911 4148 β,
926 4085 1118 4136 transferretur
1131 4088 1173 4150 it,
1187 4086 1381 4139 transferretur
