3066 4826
983 361 1057 410 Paul.
1073 361 1103 419 V,
1120 363 1236 410 tar—tt

239 670 313 732 *liei
335 671 573 748 sepulchrorum
596 670 800 749 uiolatorum,
822 671 847 731 si
864 687 991 750 corpora
1008 670 1075 749 ipsa
1092 677 1239 729 extraxe-

153 758 238 818 *rint
258 757 310 818 uel
333 775 402 818 ossa
418 759 578 836 eruerint,
605 757 780 818 humilioris
802 754 931 836 quidem
952 753 1094 816 fortunae
1116 773 1238 816 summo
1290 755 1292 759 ’

154 841 328 924 *supplicio
351 841 557 920 adficiuntur,
588 842 780 904 honestiores
801 843 832 902 in
855 841 989 903 insulam
1010 840 1234 920 deportantur:

154 929 249 990 *alias
265 939 371 991 autem
387 929 566 1009 relegantur
582 937 635 990 aut
651 929 683 988 in
698 927 859 989 metallum
875 926 1097 989 damnantur*
1258 939 1272 984 5

519 1117 565 1196 [xx
608 1135 646 1176 nn
669 1117 875 1194 incruentus]

119 1241 131 1298 l
240 1236 460 1314 *incendiarii,
479 1235 624 1316 quiquid
639 1237 672 1298 in
685 1234 798 1316 oppido
813 1234 990 1316 praedandi
1002 1255 1095 1297 causa
1106 1234 1234 1310 faciunt,

118 1327 136 1386 2
156 1321 278 1403 *capite
293 1323 481 1402 puniuntur.
529 1323 588 1394 Qui
604 1341 706 1384 oasam
722 1332 777 1384 aut
792 1323 900 1384 uillam
917 1323 1150 1383 inimicitiarum
1168 1339 1239 1399 gra-

154 1409 214 1471 *tia
230 1408 455 1487 incenderunt,
481 1409 664 1470 humiliores
686 1409 720 1468 in
735 1408 894 1470 metallum
918 1409 1016 1469 autin
1038 1426 1117 1488 opus
1132 1405 1240 1487 publi-

118 1495 247 1557 3*cum
270 1495 475 1573 damnantur,
499 1495 694 1556 honestiores
715 1495 749 1554 in
769 1495 903 1555 insulam
926 1494 1118 1573 relegantur.
1165 1493 1239 1552 For·
1259 1506 1289 1551 tt

155 1581 254 1642 *tuita
276 1579 441 1659 incendia,
470 1599 550 1660 qnae
573 1597 648 1641 casu
667 1580 755 1641 uenti
778 1580 896 1640 ferente
919 1581 971 1641 uel
993 1579 1111 1640 incuria
1133 1579 1239 1658 ignem

155 1665 381 1747 *supponentis
402 1665 443 1728 ad
465 1685 567 1746 usque
589 1667 685 1728 uicini
708 1685 798 1745 agros
815 1666 970 1744 euadunt,
995 1666 1020 1726 si
1036 1684 1076 1726 ex
1098 1683 1133 1725 eo
1150 1682 1239 1744 seges

156 1752 227 1814 *uel
251 1755 345 1814 uinea
364 1753 416 1814 uel
436 1753 538 1814 oliuae
561 1753 614 1813 uel
637 1751 817 1814 fructiferae
840 1751 968 1813 arbores
985 1759 1235 1827 concrementur,

119 1843 136 1901 l
154 1835 283 1902 *datum
305 1837 455 1900 damnum
480 1839 695 1899 aestimatione
716 1839 880 1901 sarciatur.
934 1837 1140 1898 Commissum
1162 1853 1239 1897 uero

154 1922 355 2003 *seruorum,
383 1926 410 1986 si
437 1924 561 1986 domino
587 1923 749 2003 uideatur,
780 1943 879 1985 noxae
907 1922 1068 1985 deditione
1091 1922 1236 1983 sarcitur.
1260 1937 1290 1982 tt

118 2013 137 2073 5
156 2008 322 2072 *Messium
348 2029 423 2072 sane
445 2030 504 2091 per
518 2008 624 2071 dolum
646 2011 843 2088 incensores,
862 2010 1030 2071 uinearum
1044 2009 1240 2070 oliuarumue

155 2095 284 2159 *autin
306 2097 465 2158 metallum
487 2097 670 2160 humiliores
694 2096 900 2175 damnantur,
927 2105 981 2158 aut
995 2095 1192 2156 honestiores
1208 2095 1240 2154 in

119 2182 313 2245 6*insulam
336 2179 549 2262 relegantur*
600 2183 660 2255 Qui
686 2192 781 2245 noctu
802 2181 965 2262 frugiferas
991 2180 1120 2243 arbores
1146 2199 1241 2242 manu

158 2269 238 2330 facta
261 2268 450 2347 ceciderint,
479 2269 520 2330 ad
546 2277 671 2348 tempus
698 2269 887 2349 plerumque
914 2269 946 2328 in
973 2287 1051 2348 opus
1077 2266 1242 2347 publicum

159 2354 350 2416 damnantur
372 2364 425 2415 aut
441 2355 633 2416 honestiores
649 2353 798 2416 damnum
815 2356 931 2416 sarcire
947 2363 1102 2434 coguntur
1117 2354 1169 2414 uel
1185 2371 1241 2413 ou·
1258 2365 1290 2410 so

159 2443 205 2501 ria
221 2439 449 2502 submouentur
464 2441 517 2502 uel
533 2439 722 2520 relegantur.

337 2630 395 2708 [xm
438 2647 476 2688 nu
498 2647 756 2690 vrrrcrurroaravs
778 2649 814 2690 ar
837 2628 1063 2709 urrnrnrrrcrs]

121 2751 133 2810 l
244 2749 484 2826 vaticinatores,
504 2749 559 2828 qui
575 2767 609 2810 sc
625 2747 684 2810 deo
700 2749 809 2829 plenos
825 2746 1032 2826 adsimulant,
1058 2746 1175 2808 idcirco
1196 2748 1243 2806 ci·
1275 2775 1279 2780 ¹

158 2837 256 2896 uitate
280 2835 396 2915 expelli
418 2834 553 2913 placuit,
579 2853 619 2894 ne
637 2835 773 2896 humana
796 2833 982 2896 credulitate
1003 2833 1123 2913 publici
1139 2851 1242 2892 mores

158 2918 199 2981 ad
215 2939 301 3001 spem
325 2921 457 2982 alicuius
476 2921 522 2981 rei
539 2930 834 2999 corrumperentur,
858 2919 913 2981 uel
928 2929 1012 2981 certe
1029 2938 1069 2980 ex
1084 2938 1120 2980 eo
1139 2935 1245 2998 popu-¹
1261 2930 1292 2975 25

158 3007 241 3068 lares
257 3007 352 3066 animi
374 3005 591 3068 turbarentur.
638 3006 773 3086 ideoque
789 3007 926 3085 primum
948 3004 1083 3067 fustibus
1099 3004 1179 3065 caesi
1196 3005 1242 3064 oi-

158 3093 257 3154 uitate
284 3092 462 3174 pelluntur:
501 3101 743 3172 perseuerantes
769 3102 874 3154 autem
905 3094 938 3152 in
964 3091 1093 3154 uincula
1117 3088 1243 3170 publiea

159 3179 357 3240 coniciuntur
379 3187 435 3241 aut
455 3178 486 3238 in
502 3179 635 3239 insulam
651 3176 857 3258 deportantur
877 3178 929 3239 uel
945 3187 1030 3238 certe
1046 3177 1237 3255 relegantur.

121 3265 220 3338 aQui
236 3283 334 3326 nouas
355 3274 456 3326 sectas
478 3264 530 3326 uel
551 3265 671 3326 ratione
694 3265 868 3345 incognitas
890 3263 1058 3343 religiones
1073 3262 1239 3340 inducunt,

158 3418 210 3434 νυν
466 3411 1242 3432 ΝᾺΜΝᾺΛΜΝΜᾺΛΛΛΛΛΛΜΛΝΨΛΜΛΑΜΛΜΝΜΛΛΛΝ

230 3487 555 3550 remitmittere
602 3486 612 3549 ΙΙ
660 3490 782 3546 rat-t
799 3487 840 3549 (=
857 3486 1018 3546 Collatioth,
1035 3488 1057 3535 t.
1074 3485 1135 3546 Η)
1152 3486 1242 3534 ioVe-

158 3558 260 3674 {cetzo
276 3559 377 3606 inuenit
393 3561 418 3606 et
434 3558 495 3606 iude
512 3557 628 3605 ordinem
640 3569 715 3618 qoem
726 3558 858 3617 aequiomr
869 3559 981 3606 restituit
997 3555 1238 3614 Cuiaciusflbaeru.

127 3687 129 3694 ,
196 3663 202 3685 r

161 3745 192 3758 M

230 3832 243 3876 ³
263 3830 456 3889 humilioresF
500 3829 511 3892 ΙΙ
559 3833 572 3877 7
592 3829 753 3880 incendiarii
772 3829 913 3893 quiquid]
934 3828 1061 3878 incendia
1079 3828 1125 3891 qui
1149 3828 1178 3890 (si
1197 3827 1244 3890 qui

160 3899 285 3958 Huschke)
300 3913 352 3950 aar.
401 3899 411 3961 lt
458 3899 579 3962 scepite
596 3899 706 3958 theoct,
726 3897 805 3948 facile
819 3900 905 3962 capite
921 3897 984 3948 Coit.
1032 3897 1043 3960 11
1092 3899 1118 3944 tt
1141 3893 1243 3946 ferente

164 3968 275 4028 Verona,
295 3967 395 4018 luerint
411 3967 454 4018 his
474 3967 563 4028 Cotti),
583 3966 697 4017 furentis
717 3966 803 4017 Coti.w
825 3966 904 4018 cotti
950 3965 961 4028 ΙΙ
1009 3969 1039 4013 ta
1059 3965 1132 4016 cline
1153 3964 1241 4023 cotta,

161 4036 260 4086 oliueta
275 4035 370 4095 Colit,
391 4037 485 4104 oliuas,
498 4037 577 4088 Coti.v
618 4035 629 4100 ll
671 4038 847 4086 concrement
864 4036 962 4085 Vesoot.
1006 4034 1017 4098 ΙΙ
1060 4038 1091 4082 te
1110 4035 1244 4084 sarciatur

165 4106 263 4154 Vesoot.
295 4105 306 4168 il
338 4109 367 4154 ⁴6
381 4119 430 4169 per
440 4105 535 4156 dolum
550 4107 659 4165 Verona,
674 4105 790 4170 perdum
806 4105 885 4156 Colit
898 4103 985 4163 totta,
1000 4102 1118 4168 perdunt
1130 4097 1245 4168 Gottwlf

161 4174 490 4233 resectashetusuld
