3028 4830
536 361 622 374 ...-
666 327 705 390 67
751 361 838 374 ...-
991 330 1064 379 Paul.
1080 331 1112 390 11,
1128 332 1227 378 ιι-ιί

142 517 275 588 locauit,
299 515 385 596 quod
400 515 512 578 idonea
528 519 653 578 nomina
669 535 732 578 non
749 515 899 594 habebat,
917 519 970 579 cui
985 521 1119 598 pecunia
1135 518 1230 578 coilo-

142 610 246 664 cetur:
272 603 364 664 cuius
385 603 432 663 rei
455 605 639 666 contestatio
660 602 745 682 apud
767 603 947 683 praesidem
970 605 1153 682 prouinciae
1170 603 1229 666 de·

102 687 122 747 7
142 686 292 768 ponenda
307 696 366 749 est.
391 687 458 748 *Ob
468 686 565 752 ,fenus
580 689 746 769 pupillaris
760 691 917 768 pecuniae
933 709 992 770 per
1002 691 1226 751 contumaciam

139 775 223 834 *non
240 775 415 835 exercitum
430 783 485 836 aut
501 772 670 836 fundorum
686 776 832 836 omissam
850 776 1115 856 comparationem
1129 784 1224 852 tutor,

139 861 265 920 *sinon
282 858 322 920 ad
338 858 488 948 damnum
504 859 740 922 resarciendum
757 860 890 922 idoneus
906 869 964 938 cst,
984 871 1072 923 extra
1084 861 1226 923 ordinem
1246 875 1260 919 ε

138 944 392 1008 *coercebitur*

531 1132 579 1216 [xv
621 1153 658 1196 nn
680 1134 836 1216 nannents]
935 1126 938 1132 ’

103 1253 115 1312 i
229 1251 278 1314 Ob
293 1251 430 1315 subitam
452 1251 685 1332 ualetudinem,
710 1253 749 1316 ob
765 1256 976 1316 necessariam
999 1255 1228 1335 peregrinatio-

140 1358 227 1417 nem,
245 1338 286 1400 ob
301 1339 498 1400 inimicitiam
510 1351 540 1402 et
556 1343 667 1403 inanes
683 1343 730 1402 rei
745 1341 884 1404 actiones
897 1341 1019 1420 integra
1033 1339 1137 1402 adhuc
1152 1360 1227 1402 oau-

102 1427 121 1485 2
140 1444 176 1486 sa
192 1424 331 1486 mandati
347 1427 470 1505 negotio
487 1429 664 1488 renuntiari
686 1435 800 1506 potest.
841 1427 874 1488 Si
891 1427 968 1488 meis
984 1427 1121 1488 nummis
1137 1446 1226 1488 man·
1246 1440 1276 1485 to

139 1509 214 1572 dato
236 1520 291 1572 tuo
306 1510 428 1592 aliquid
449 1511 507 1572 tibi
523 1531 763 1592 comparauero,
788 1513 846 1574 etsi
863 1531 930 1573 rem
952 1521 1061 1592 postea
1081 1513 1224 1593 accipere

139 1597 240 1675 nolis,
265 1596 405 1658 mandati
426 1600 506 1658 actio
528 1598 605 1659 mihi
628 1597 783 1660 aduersus
806 1607 836 1659 te
860 1599 1017 1678 competit.
1056 1601 1225 1660 nonenim

138 1692 263 1744 tantum
280 1682 366 1763 quod
381 1686 560 1764 impensum
576 1693 639 1763 est,
659 1683 715 1746 sed
731 1692 760 1744 et
773 1703 887 1746 usuras
902 1686 969 1747 eius
986 1685 1136 1764 consequi
1151 1704 1226 1765 pos-

101 1769 118 1828 3
138 1788 222 1830 sum.
264 1769 354 1830 Certo
375 1771 476 1850 pretio
493 1789 560 1830 rem
585 1771 690 1832 iussus
712 1769 889 1832 distrahere
912 1771 938 1832 si
954 1771 1085 1831 minoris
1109 1769 1225 1832 uendi-

139 1854 236 1932 derit,
256 1854 393 1916 mandati
408 1855 525 1917 indicio
540 1857 636 1936 pretii
651 1875 774 1918 summa
788 1857 902 1937 poterit
919 1857 1084 1938 integrari:
1110 1856 1225 1919 uendi·
1244 1869 1275 1914 ιε

137 1942 258 2002 tionem
274 1942 358 2002 enim
374 1941 505 2003 dissolui
520 1961 582 2004 non
597 1942 725 2022 placuit.

540 2129 598 2211 [avr
641 2149 696 2192 rao
720 2128 817 2210 socio]

226 2251 314 2311 Sicut
328 2251 463 2326 lucrum,
490 2251 530 2310 ita
555 2248 706 2312 damnum
729 2252 813 2310 inter
835 2253 934 2312 socios
956 2253 1219 2315 communicatur:

137 2337 201 2397 nisi
218 2333 297 2415 quid
313 2336 406 2417 culpa
420 2337 496 2397 socii
512 2337 565 2398 uel
582 2335 692 2398 fraude
707 2355 855 2398 euersum
871 2337 923 2398 sit.

440 2522 510 2606 [xvu
554 2543 590 2584 nx
608 2543 704 2586 narro
728 2545 761 2585 ar
784 2505 921 2607 vinomo]
1243 2539 1273 2584 ao

102 2643 114 2702 ι
227 2643 379 2706 Venditor
407 2645 432 2704 si
464 2646 533 2706 eius
561 2645 608 2706 rei
629 2663 725 2725 quam
745 2644 892 2708 uendidit
914 2644 1061 2708 dominus
1083 2666 1146 2708 uon
1169 2649 1219 2723 sit,

138 2731 243 2811 pretio
258 2739 386 2810 accepto
400 2731 595 2792 auctoritatis
606 2729 749 2792 manebit
763 2730 935 2793 obnoxius:
953 2732 1046 2794 aliter
1060 2734 1145 2794 enim
1161 2752 1222 2794 non

100 2817 119 2876 2
137 2825 243 2897 potest
258 2815 402 2896 obligari.
440 2816 473 2878 Si
489 2835 540 2878 res
563 2817 750 2897 simpliciter
766 2817 899 2878 traditae
916 2818 1118 2896 euincantur,
1137 2828 1222 2880 tanto

137 2902 289 2964 uenditor
311 2903 443 2982 emptori
466 2901 725 2964 condemnandus
740 2913 803 2980 est,
829 2913 946 2983 quanto
968 2904 994 2964 si
1018 2903 1220 2982 stipulatione

100 2987 117 3046 3
138 3007 197 3069 pro
213 2988 369 3049 euictione
385 2989 531 3049 cauissct.
562 2989 624 3048 Res
639 2997 744 3067 empta
760 2990 990 3068 mancipatione
1006 2998 1037 3050 et
1052 2987 1220 3051 traditione
1239 3000 1271 3046 aa

137 3073 279 3156 perfecta
295 3075 322 3135 si
338 3075 519 3151 euincatur‚
544 3075 738 3134 auctoritatis
754 3073 903 3134 uenditor
918 3073 1015 3154 duplo
1030 3083 1124 3136 tenus
1139 3073 1220 3136 obli-

101 3160 118 3218 i
138 3170 243 3240 gatur.
281 3160 435 3221 Distracto
456 3157 554 3222 tundo
569 3160 596 3220 si
612 3159 685 3238 quis
701 3157 741 3220 de
764 3159 854 3220 modo
871 3161 1056 3236 mentiatur,
1077 3161 1109 3220 in
1125 3160 1220 3241 dupio

142 3329 340 3344 st'slVdeVWVN-tax
349 3329 402 3342 &NVK
413 3329 435 3340 w.
445 3333 451 3341 ι
461 3329 485 3341 ὴ»
494 3329 529 3340 dux
541 3327 595 3340 ε’ἱέδ,
615 3325 624 3339 *x
706 3335 708 3340 ,
737 3328 815 3340 *Nx-istc*
827 3331 831 3340 ι
842 3329 852 3341 ¹.
863 3329 879 3340 A
892 3328 1155 3342 ιννΛΝνᾺὫὫνὫΝΛέ-ὶι
1164 3335 1167 3341 ι
1180 3331 1216 3342 *QX

210 3417 252 3476 ιι,
268 3420 281 3464 7
296 3436 327 3458 ==
341 3416 400 3479 Dia.
415 3419 457 3476 ιι,
472 3419 497 3474 t,
513 3417 543 3464 to
567 3415 578 3478 ΙΙ
603 3419 644 3473 ta,
661 3419 670 3462 ι
688 3422 809 3476 eaporte
823 3435 853 3458 =
867 3416 926 3479 Dic.
943 3419 983 3476 ιι,
1000 3420 1023 3476 ι,
1037 3419 1068 3466 at

139 3550 509 3564 νννφνννννννυνωΛηΛΛ-’νν-ιν
526 3549 568 3563 Ni(
578 3551 590 3562 Λ
603 3551 663 3562 uuam
692 3549 731 3561 ιεΛι·
740 3551 790 3562 iim-f
801 3551 822 3562 m
832 3551 855 3562 aar
866 3549 921 3563 rwvv
928 3549 1217 3564 ΛΛκΛΛΛΛΛΛΛΙννΜ-ΛΝ

210 3660 220 3704 ι
242 3657 357 3720 pecunia
370 3655 540 3706 collocentur
552 3655 610 3712 Mt,
624 3656 755 3718 pecuniae
767 3654 936 3704 coiiocentur
946 3656 1006 3704 dett.
1043 3655 1054 3717 ΙΙ
1089 3658 1103 3704 ι
1122 3654 1158 3705 ob
1177 3657 1220 3704 in-

137 3738 205 3775 anes
216 3725 256 3774 rei
268 3725 389 3774 actiones
408 3725 437 3785 L,
457 3723 492 3773 ob
505 3724 593 3774 inanis
606 3725 645 3773 rei
656 3724 789 3773 actionem
810 3724 846 3783 Μ,
866 3736 915 3773 seu
926 3723 961 3773 oh
974 3725 1069 3773 inanes
1081 3725 1120 3774 rai
1132 3725 1220 3774 actio-

138 3807 188 3844 nes
201 3793 261 3856 Diy.
292 3793 303 3856 ΙΙ
333 3795 436 3855 integra
448 3791 538 3842 adhuc
550 3796 638 3842 tuetur
650 3792 840 3854 interpretatio:
859 3794 999 3841 secondom
1012 3793 1073 3842 inat.
1089 3797 1113 3852 ι,
1129 3796 1171 3852 26,
1188 3797 1214 3840 tt

138 3863 200 3927 Dia.
217 3865 412 3922 ⁴7,t‚n³·-25
426 3865 544 3922 acpectea
557 3873 607 3910 nec
620 3861 722 3923 integra
751 3861 762 3922 ΙΙ
793 3864 823 3908 ιι
844 3862 950 3923 negotio
964 3861 993 3920 L,
1007 3862 1187 3924 negotiumi!
1210 3859 1220 3926 ΙΙ

139 3934 171 3979 ta
191 3930 339 3993 nonenim]
355 3935 535 3992 aepactasnac
576 3930 587 3992 ΙΙ
629 3933 659 3978 ιι
679 3932 705 3978 et
716 3943 765 3978 orn.
779 3931 877 3979 codices
911 3929 922 3992 ΙΙ
958 3931 989 3976 ιθ
1007 3931 1081 3978 enim
1095 3931 1217 3988 stom.

137 4002 199 4050 dett.
234 3999 245 4062 ΙΙ
282 4002 312 4048 ιι
327 3999 410 4064 dupio
422 4002 501 4048 tenus
513 3998 571 4058 ML,
585 3997 739 4048 nutiatenus
755 3999 904 4048 Verootr'nus
916 4002 978 4048 teate
992 3997 1096 4048 Cotuato
1110 4000 1216 4049 ottae.

139 4072 181 4129 ιι,
197 4071 228 4117 te
267 4067 278 4130 lt
310 4071 348 4122 ,at
361 4065 445 4130 onte§
460 4070 472 4115 ι
487 4068 584 4116 codices
594 4070 713 4116 inserunt
724 4067 856 4116 rubricam
868 4066 901 4116 de
914 4065 995 4117 modo
1037 4067 1048 4128 ΙΙ
1089 4066 1123 4117 de
1136 4069 1218 4118 modo

139 4139 175 4196 M,
190 4137 224 4188 de
237 4137 320 4187 modo
334 4137 361 4187 id
374 4140 414 4187 est
425 4135 459 4185 de
471 4137 557 4200 spatio
570 4136 599 4194 L,
614 4135 647 4197 cf.
662 4137 732 4197 adp.
748 4138 789 4196 68,
805 4139 815 4184 ι
