3028 4830
551 374 637 386 —-
684 343 720 401 17
767 375 851 385 --
1079 343 1140 408 vrp.
1157 349 1197 394 rr.
1214 347 1245 394 η

165 531 242 609 (ipse
267 530 352 590 enim
374 538 459 590 tutor
475 530 507 589 in
529 548 596 590 rem
619 548 708 590 suam
730 538 838 591 auctor
861 529 930 592 fieri
952 551 1015 592 non
1030 537 1165 613 potest),
1191 535 1246 615 qui

158 617 335 697 praetorius
350 624 436 676 tutor
448 614 575 694 dicitur,
594 616 669 694 quia
684 636 707 676 a
718 625 864 696 praetore
875 615 967 678 urbis
982 618 1052 680 dari
1069 621 1244 682 consueuit.

99 702 137 762 25
246 701 439 782 Pupillorum
461 701 719 782 pupillarumque
741 711 862 764 tutores
885 712 916 764 et
936 707 1062 784 negotia
1085 715 1200 785 gerunt
1215 716 1248 768 et

158 787 378 849 auctoritatem
390 789 614 868 interponunt:
634 788 804 849 mulierum
820 797 925 850 autem
941 799 1061 852 tutores
1077 791 1247 853 auctorita-

98 877 138 934 26
158 883 224 936 tem
246 872 409 934 dumtaxat
435 877 652 954 interponunt.
691 875 724 936 si
747 873 856 953 plures
878 885 952 936 sunt
975 886 1114 955 tutores,
1138 892 1280 943 omnest

159 961 193 1020 in
209 961 294 1042 omni
312 979 345 1020 re
361 958 479 1020 debent
494 961 708 1021 auctoritatem
729 958 964 1022 accommodare
980 972 1107 1042 praeter
1122 982 1175 1024 eos
1191 965 1245 1043 qui

159 1053 336 1106 testamento
353 1045 418 1106 dati
435 1056 521 1108 sunt:
541 1064 614 1106 nam
631 1065 671 1106 ex
686 1046 735 1106 his
751 1047 803 1108 uel
819 1047 916 1108 unius
930 1050 1098 1110 auctoritas
1114 1047 1242 1112 sufficit.

98 1133 139 1193 27
247 1133 370 1192 Tutoris
391 1132 560 1193 auctoritas
579 1132 759 1194 necessaria
781 1142 830 1194 est
850 1132 1037 1196 mulieribus
1059 1133 1190 1215 quidem
1211 1135 1244 1196 in

158 1217 209 1278 his
226 1217 340 1279 rebus:
366 1219 392 1278 si
408 1219 478 1298 lege
500 1227 554 1278 aut
569 1218 709 1297 legitimo
732 1217 849 1279 iudicio
865 1230 973 1298 agant,
999 1221 1026 1281 si
1042 1240 1076 1282 se
1092 1219 1241 1301 obligent,

158 1305 185 1364 si
207 1303 302 1364 ciuile
318 1307 477 1383 negotium
494 1314 615 1383 gerant,
634 1307 660 1364 si
677 1303 810 1366 libertae
826 1323 901 1366 suae
921 1308 1106 1386 permittant
1121 1307 1154 1366 in
1170 1326 1246 1368 con·
1264 1321 1295 1366 lo

157 1389 308 1451 tubernio
324 1391 419 1450 alieni
436 1390 521 1451 serui
537 1391 662 1469 morari,
681 1391 707 1451 si
724 1409 790 1451 rem
805 1392 957 1470 mancipii
971 1391 1120 1454 alienent.
1139 1393 1246 1473 pupil-

157 1477 197 1536 lis
209 1485 315 1536 autem
327 1476 386 1536 hoc
396 1476 532 1556 amplius
548 1477 642 1537 etiarn
655 1477 687 1536 in
702 1495 809 1537 rerum
821 1495 880 1538 neo
892 1478 1040 1558 mancipii
1057 1479 1244 1540 alienatione

156 1563 272 1622 tutoris
287 1563 469 1623 auctoritate
484 1581 563 1642 opus
580 1571 638 1623 est.

94 1646 136 1706 28
245 1645 434 1710 Liberantur
455 1649 554 1710 tutela
575 1649 707 1710 masculi
731 1647 861 1727 quidem
883 1648 1063 1728 pubertate.
1088 1648 1243 1730 puberem

156 1743 265 1794 autem
281 1733 420 1795 Cassiani
437 1733 566 1814 quidem
589 1753 662 1794 eum
678 1753 746 1795 csse
763 1734 884 1812 dicunt,
903 1737 958 1814 qui
974 1735 1086 1797 habitu
1102 1738 1241 1816 corporis
1261 1750 1292 1796 lt

155 1819 260 1900 pubes
276 1830 418 1900 apparet,
438 1821 471 1882 id
487 1822 605 1899 estqui
621 1839 771 1899 generare
787 1821 901 1900 possit:
928 1821 1122 1882 Proculeiani
1138 1831 1243 1883 autem

157 1925 248 1984 eum,
267 1907 323 1984 qui
340 1906 592 1986 quattuordecim
608 1925 707 1967 annos
722 1906 879 1986 expleuit:
905 1925 1016 1968 uerum
1033 1908 1156 1970 Priscus
1172 1926 1241 1969 eum
1302 1916 1304 1923 '

158 1991 313 2070 puberem
332 2011 418 2070 esse,
446 1995 479 2053 in
496 2011 592 2072 quem
614 2001 786 2071 utrumque
803 1995 963 2054 concurrit
980 2002 1011 2056 et
1031 1992 1158 2054 habitus
1173 2013 1243 2054 cor-

157 2080 245 2157 poris
266 2088 297 2139 et
318 2097 471 2140 numerus
492 2097 657 2140 annorum.
695 2077 830 2140 feminae
853 2089 958 2142 autem
980 2079 1079 2142 tutela
1101 2079 1243 2141 liberan-

156 2173 322 2226 tur....
1261 2181 1293 2226 ¹⁰

523 2354 574 2433 [χιι
613 2373 650 2414 nu
673 2329 878 2433 cvnnronmvs]

121 2477 129 2530 l
246 2474 411 2534 Curatores
427 2483 481 2534 out
496 2475 629 2552 legitimi
645 2485 731 2551 sunt,
750 2471 782 2534 id
799 2475 918 2552 estqui
935 2475 1058 2554 exlege
1075 2473 1240 2536 duodecim

156 2557 336 2620 tabularum
360 2559 492 2637 dantur,
511 2569 565 2620 aut
581 2560 758 2638 honorarii,
784 2557 817 2619 id
834 2569 880 2619 est
896 2561 985 2638 quia
1005 2569 1149 2640 praetore
1166 2580 1242 2622 oon-

117 2646 135 2705 2
155 2647 345 2707 stituuntur.
377 2648 437 2705 Lex
456 2643 620 2706 duodecim
643 2645 822 2708 tabularum
838 2643 993 2707 furiosum
1011 2647 1151 2728 itemque
1166 2666 1241 2727 pro-

155 2732 284 2812 digum,
312 2732 362 2792 cui
383 2730 476 2792 bonis
499 2732 704 2792 interdictum
728 2741 791 2809 est,
821 2731 854 2792 in
876 2733 1037 2793 curatione
1059 2731 1148 2793 iubet
1171 2751 1240 2794 csse
1260 2743 1291 2790 25

115 2818 134 2876 3
156 2827 353 2897 agnatorum.
378 2816 404 2879 A
419 2827 563 2896 praetore
579 2819 781 2879 constituitur
797 2827 933 2895 curator,
953 2836 1048 2897 quem
1064 2819 1131 2896 ipse
1147 2836 1240 2896 prae-

155 2915 207 2964 tor
226 2904 380 2982 uoluerit,
411 2902 571 2965 libertinis
596 2904 737 2984 prodigis
764 2904 903 2982 itemque
931 2903 1093 2982 ingenuis,
1124 2905 1242 2982 quiex

155 2999 345 3050 testamento
366 2991 507 3070 parentis
534 2989 668 3050 heredes
690 2990 761 3050 facti
783 2990 864 3050 male
887 2988 1041 3067 dissipant
1063 2987 1160 3049 bona:
1191 2989 1242 3050 his

157 3077 242 3136 enim
260 3076 385 3155 exlege
401 3084 526 3137 curator
538 3075 604 3136 dari
620 3095 683 3136 non
698 3084 831 3155 poterat,
851 3093 922 3137 oum
939 3075 1095 3153 ingenuus
1112 3073 1241 3154 quidem

156 3181 220 3223 non
243 3161 285 3222 ab
308 3164 469 3240 intestato,
495 3161 552 3222 sed
574 3180 612 3222 ex
635 3169 822 3222 testamento
845 3161 939 3221 heres
961 3158 1060 3221 lactus
1083 3161 1124 3220 sit
1144 3161 1236 3239 patri,
1259 3171 1290 3218 ao

156 3248 325 3310 libertinus
348 3257 453 3309 autern
469 3248 554 3308 nullo
570 3246 662 3307 modo
678 3249 759 3327 patri
784 3247 877 3306 heres
893 3246 963 3306 fieri
978 3247 1092 3326 possit,
1109 3246 1242 3325 quince

155 3343 281 3414 patrem
307 3333 455 3395 habuisse
482 3334 626 3411 uidetur,
656 3351 728 3393 curn
754 3333 881 3392 seruilis
908 3334 1048 3411 cognatio
1074 3331 1160 3392 nulla
1186 3333 1245 3392 sit..

115 3422 134 3480 l
157 3421 322 3481 Praeterea
344 3419 397 3480 dat
421 3429 595 3482 curatorem
623 3420 652 3480 ei
673 3419 785 3496 etiam,
815 3419 869 3498 qui
891 3437 995 3498 nuper
1017 3417 1118 3496 pubes
1141 3417 1241 3478 factus

156 3506 272 3567 idonce
288 3508 411 3586 negotia
428 3525 484 3567 sua
499 3507 582 3568 tueri
598 3524 661 3566 non
676 3513 790 3585 potest.

194 3697 209 3708 (ι
217 3695 457 3709 κΛΛΛΛΛΛΛβΛΛΝυυυε
462 3695 505 3706 mm
510 3695 741 3707 ”mmmmm-mmmm
746 3694 757 3704 Α
762 3694 780 3705 (v
786 3690 1242 3706 ΝννυκΛΛΛΛΛΛΛηΛΝκΛΝκΛΛΛΝκΜΝκν

226 3814 723 3880 2praetorianusC,cf.Gci.l‚184
748 3811 759 3880 ΙΙ
784 3810 898 3863 aomo
925 3809 935 3878 ΙΙ
963 3811 1068 3860 urbano
1082 3811 1204 3875 Scbilliop
1231 3808 1243 3877 ΙΙ

158 3888 172 3933 6
191 3883 385 3934 auctoritatae
407 3879 417 3950 ll
441 3887 454 3932 7
470 3885 630 3933 testamento
644 3881 773 3942 ceincias,
789 3881 886 3932 tunoG
907 3877 917 3947 ll
941 3883 954 3929 8
969 3881 1142 3930 auctoritas*
1159 3880 1234 3942 (asti)

157 3967 217 4004 nec.
234 3953 268 4004 0²
293 3951 303 4020 ΙΙ
329 3956 356 4001 tt
380 3951 552 4016 mancipiaG
577 3947 587 4017 ΙΙ
615 3955 643 4000 43
664 3949 886 4000 auctoritatemc
911 3946 921 4015 ΙΙ
948 3953 977 3998 l'l
996 3948 1103 4012 uerum]
1118 3951 1238 4000 ncratius

158 4022 231 4086 liupo
256 4019 266 4088 ΙΙ
293 4022 365 4084 eum]
381 4019 479 4071 curnO
503 4017 513 4086 ΙΙ
541 4023 571 4068 48
590 4019 658 4083 esse]
673 4032 732 4069 asse
744 4022 821 4083 putat
834 4019 929 4069 Vahlen
952 4015 962 4084 ΙΙ
988 4021 1019 4066 2⁰
1039 4020 1238 4068 contentionem

161 4090 262 4152 Geloi,
279 4096 326 4140 m
341 4091 456 4152 capiaco,
471 4089 676 4152 cf.int'rc29,5
703 4084 713 4154 ΙΙ
743 4089 940 4151 adagnitorum
955 4087 987 4138 ca
1015 4083 1025 4154 ΙΙ
1053 4091 1085 4137 27
1104 4089 1239 4151 ingenuus

162 4159 194 4211 0²
220 4155 230 4226 ll
260 4164 291 4209 ³⁰
312 4159 355 4222 sit]
371 4158 429 4208 siG
458 4157 468 4224 ΙΙ
498 4162 529 4208 et
549 4155 688 4222 cognatio
1087 4159 1095 4178 ·
