3066 4826
579 345 665 358 --
712 313 772 375 135
816 347 903 358 --
1028 313 1102 364 Paul.
1118 315 1150 376 V,
1164 317 1283 363 toa-t!

195 519 289 562 amne
307 518 401 580 quam
413 499 649 563 multitudinem
665 500 864 580 conduxerit,
885 499 1050 583 conuictus
1062 511 1098 564 ut
1112 503 1163 564 uis
1177 501 1284 582 puhli-

196 605 251 648 cae
268 605 341 648 reus
356 589 389 648 in
407 587 541 649 insulam
557 586 749 668 deportatur.
811 610 812 614 ¹

512 775 591 856 [xxxa
636 777 692 838 *an
715 794 810 839 secun
832 775 965 858 renim]

159 898 170 956 l
283 892 384 974 *Lege
409 894 503 956 Fabia
525 905 662 975 tenetur,
690 897 746 976 qui
771 897 874 958 ciuem
896 897 1069 957 Romanum
1096 897 1280 976 ingenuum,

198 978 405 1042 *libertinum
426 999 598 1043 seruumue
614 982 753 1042 alienum
776 983 927 1044 celauerit
942 980 1127 1043 uendiderit
1141 983 1283 1043 uinxerit
1302 995 1316 1041 ⁵

197 1067 454 1145 *comparauerit
503 1077 534 1128 et
548 1068 621 1128 olim
637 1067 767 1148 quidem
781 1069 876 1130 huius
892 1069 970 1148 legis
990 1087 1091 1150 poena
1105 1067 1282 1130 nummaria

197 1150 292 1230 *luit,
311 1152 369 1214 sed
383 1153 535 1214 translata
551 1162 599 1214 est
614 1155 749 1234 cognitio
765 1153 1006 1234 inpraelectcm
1021 1153 1120 1234 urhis,
1140 1156 1281 1234 itemque

197 1237 372 1319 *praesidis
383 1241 566 1317 prouinciae
578 1249 667 1301 extra
678 1239 821 1301 ordinem
833 1242 950 1303 meruit
960 1240 1279 1302 animaduersionem.

197 1323 352 1404 *ideoque
364 1325 547 1387 humiliores
559 1327 659 1388 autin
670 1326 832 1388 metallum
845 1325 962 1388 dantur
973 1335 1027 1389 aut
1039 1329 1072 1388 in
1085 1344 1210 1388 crucem
1222 1327 1283 1388 tol-

197 1409 342 1490 *luntur,
360 1411 555 1473 honestiores
570 1411 718 1493 adempta
733 1411 868 1474 dimidio
889 1422 977 1492 parte
991 1412 1144 1474 bonorum
1160 1413 1193 1472 in
1208 1429 1283 1492 per·
1302 1424 1332 1470 to

158 1500 176 1558 2
198 1495 349 1578 *petuum
365 1498 558 1578 relegantur.
605 1499 638 1559 Si
653 1517 766 1561 seruus
782 1499 901 1560 sciente
918 1498 1043 1560 domino
1059 1499 1197 1560 alienum
1213 1517 1283 1559 ser-

197 1582 293 1645 *uum
320 1583 512 1656 subtraxerit
537 1583 719 1646 uendiderit
741 1585 909 1665 celauerit‚
939 1587 972 1646 in
992 1586 1096 1664 ipsum
1119 1583 1282 1646 dominum

197 1669 490 1731 *animaduertitur
537 1669 623 1751 quod
645 1671 673 1732 si
692 1669 726 1732 id
747 1668 873 1733 domino
896 1671 1059 1752 ignorante
1081 1671 1279 1749 commiserit,

197 1755 248 1816 *in
265 1756 426 1817 metallum
442 1753 569 1818 datur*

522 1941 597 2026 [xxm
641 1963 679 2006 nu
701 1963 803 2008 ronurs
826 1943 958 2027 numm]
1301 1953 1333 2002 te

159 2065 171 2123 l
284 2065 316 2126 Si
331 2066 467 2144 pecunia
482 2075 608 2146 accepta
624 2065 716 2128 miles
731 2065 903 2128 custodiam
920 2065 1087 2146 dimiserit,
1105 2065 1207 2146 capite
1222 2081 1283 2144 pu·

150 2183 152 2190 ·
197 2149 334 2212 niendus
357 2161 415 2214 est.
464 2161 495 2214 et
511 2161 596 2212 certe
613 2152 791 2232 quaeritur,
818 2153 908 2215 cuius
925 2153 1067 2214 criminis
1083 2170 1155 2214 rcus
1168 2149 1282 2212 dimis-

158 2237 177 2295 2
196 2255 251 2298 sus
266 2255 336 2298 esse
358 2236 513 2300 uideatur.
563 2238 623 2310 Qui
639 2235 812 2300 custodiam
834 2239 927 2300 militi
948 2239 1153 2319 prosequenti
1170 2255 1283 2318 magna

156 2324 175 2382 3
197 2341 294 2384 manu
315 2333 524 2386 excusserunt
551 2325 652 2403 capite
673 2325 862 2404 puniuntur.
915 2322 996 2398 *Qui
1018 2334 1107 2387 metu
1127 2323 1279 2402 oriminis,

197 2407 250 2470 *in
267 2427 329 2488 quo
341 2409 403 2470 iam
414 2428 489 2472 reus
504 2409 609 2472 iuerat
619 2410 805 2488 postulatus,
823 2429 939 2474 nomen
954 2411 1084 2473 militiae
1100 2409 1200 2489 dedit,
1220 2419 1283 2472 sta
1301 2421 1333 2468 ao

158 2497 176 2555 l
198 2493 274 2556 *tim
297 2505 490 2558 sacramento
513 2495 685 2558 soluendus
700 2506 759 2558 est.
807 2497 893 2558 Miles
910 2496 1052 2578 turbator
1074 2498 1161 2577 pacis
1180 2496 1283 2577 capite

158 2579 357 2659 5*punitur.
404 2583 510 2662 Miles,
536 2584 592 2662 qui
615 2599 793 2644 excercere
814 2582 886 2644 dato
908 2583 1012 2664 gladio
1035 2583 1158 2664 erupit,
1182 2599 1283 2662 poena
1342 2609 1344 2616 ¹

199 2665 328 2745 *capitis
343 2669 483 2747 punitur.
532 2667 642 2729 eadem
658 2686 759 2746 poena
782 2678 908 2730 tenetur
924 2679 955 2730 et
971 2671 1026 2749 qui
1049 2688 1120 2730 cum
1136 2687 1172 2729 eo
1188 2685 1283 2746 quem

159 2754 176 2811 6
196 2750 415 2815 *custodiebat
430 2754 581 2818 deseruit.
627 2755 726 2832 Miles,
746 2755 801 2834 qui
817 2753 879 2815 sibi
894 2773 1008 2816 manns
1022 2756 1129 2816 intulit
1144 2771 1204 2815 nec
1218 2751 1283 2812 iao-

198 2837 286 2900 *tum
301 2842 433 2921 peregit,
451 2841 513 2901 nisi
531 2839 728 2920 impatientia
744 2839 860 2901 doloris
875 2851 929 2903 aut
945 2839 1045 2901 morbi
1061 2841 1206 2901 luctusue
1222 2837 1282 2899 ali·
1301 2849 1334 2896 tt

197 2925 307 2987 *cuius
321 2926 375 2987 uel
390 2927 451 2988 alia
467 2943 560 2988 causa
575 2925 694 3005 iecerit,
714 2927 817 3006 capite
831 2926 1014 3006 puniendus
1030 2936 1092 2988 est:
1118 2924 1196 2986 alias
1211 2942 1281 2984 oum

197 3010 386 3092 *ignominia
400 3011 576 3074 mittendus
590 3009 671 3087 est*

465 3199 552 3282 [xxxii
596 3219 714 3274 crunno
736 3219 942 3262 urrnnulunvn
964 3199 1019 3282 sir]

285 3323 437 3394 Quotiens
456 3319 676 3384 iusiurandum
695 3321 887 3402 postulatur,
912 3340 949 3384 eo
964 3331 1105 3400 tempore
1120 3317 1283 3400 appellan-

198 3408 274 3469 dum
290 3417 347 3486 est,
367 3426 429 3487 quo
444 3406 596 3486 delentur,
615 3424 678 3467 non
695 3425 757 3486 quo
773 3407 908 3470 iuratur.
1300 3413 1332 3460 ³0

268 3663 588 3725 aosacottottotm:
608 3663 796 3726 ο[.1,οωΒοηι.
813 3663 939 3728 131⁴th
987 3661 998 3724 ll
1047 3658 1279 3724 atalanta.

199 3737 345 3794 tulere
392 3732 403 3796 ιι
450 3731 960 3795 at‚5.c-.-.·Dt9.ta‚ao,as,rura

199 3873 219 3884 m
224 3873 235 3882 «x
240 3871 376 3883 rmmvvmzm
381 3862 1282 3882 mnmmmmmmmmmmmvxmwxmmmm

193 4033 195 4042 ,
268 3990 452 4040 cnummaria
474 3990 604 4052 deicolas,
623 3990 772 4040 summaria
790 3988 889 4038 codices
929 3987 939 4049 ll
981 3983 1135 4049 iprelecto
1148 3986 1246 4036 codices
1273 3982 1285 4052 ll

200 4063 230 4106 to
244 4059 384 4110 dimidiam
394 4061 499 4123 partem
509 4059 606 4109 codices
629 4058 641 4121 ΙΙ
672 4062 701 4106 to
714 4060 895 4122 prosequente
905 4057 959 4106 iam
970 4055 1105 4117 magna-M
1132 4055 1143 4118 ΙΙ
1174 4057 1204 4104 22
1219 4053 1283 4106 doto

198 4127 288 4191 gladio
301 4128 398 4192 erupit]
414 4129 503 4193 erupit
514 4127 594 4178 datus
607 4127 640 4177 ad
653 4127 774 4190 gladium
787 4126 928 4176 Mommsen
