3028 4830
278 303 503 364 enuntiatae
668 336 755 348 ....
799 301 839 364 73
877 319 970 364 ,-

275 493 431 565 *tenetun
451 493 524 572 quia
540 490 778 554 administrasse
794 493 919 572 negotia
935 491 1004 554 eius
1020 491 1078 571 qui
1091 499 1183 552 natus
1198 509 1261 552 non
1278 501 1365 553 esset

277 576 358 639 *non
375 577 518 640 uidetur:
538 587 569 640 04
586 576 656 640 ideo
671 578 758 640 utilis
775 579 807 640 in
824 597 897 641 eum
913 578 994 640 actio
1010 575 1170 638 debitum*

672 747 747 830 [xxxi
792 767 830 808 ns
852 749 964 827 rvarrs]

195 869 209 927 4
239 870 257 930 4
362 871 424 930 Fur
445 869 563 949 estqui
586 866 656 928 dolo
679 869 759 928 malo
781 886 849 930 rem
871 869 1006 929 alienam
1028 876 1210 931 contrectat.
1251 869 1364 928 Furto-

278 974 347 1016 rum
369 972 487 1035 genera
509 963 584 1016 sunt
605 963 768 1033 quattuor:
795 953 973 1032 manifesti,
998 971 1057 1014 neo
1079 953 1256 1032 manifesti,
1283 972 1363 1014 con·
1384 970 1397 1016 0
1435 980 1442 985 ·

276 1041 358 1121 cepti
374 1050 405 1102 et
419 1039 527 1103 oblati.
569 1039 754 1102 manifestus
770 1039 822 1101 fur
837 1048 885 1101 est
900 1041 955 1120 qui
973 1041 1004 1100 in
1020 1037 1165 1101 faciendo
1179 1038 1364 1119 deprehen-

275 1145 330 1188 sus
346 1135 394 1188 est
409 1135 441 1188 et
456 1127 511 1206 qui
529 1127 609 1186 intra
626 1127 776 1187 terminos
793 1127 862 1186 eius
877 1126 954 1203 loci,
981 1123 1066 1187 unde
1082 1124 1159 1204 quid
1175 1125 1360 1204 sustulerat,

275 1211 492 1294 deprehensus
508 1221 567 1289 est,
585 1212 636 1273 uel
651 1220 821 1293 antequam
837 1211 877 1273 ad
893 1230 965 1273 eum
980 1213 1082 1272 locum
1098 1229 1160 1290 quo
1176 1210 1364 1273 destinaue-

276 1307 325 1359 rat
343 1298 539 1379 peruenerit.
579 1317 638 1359 nec
661 1296 847 1359 manifestus
863 1296 915 1359 fur
936 1297 1053 1376 estqui
1071 1298 1104 1358 in
1125 1296 1269 1359 faciendo
1286 1298 1363 1377 qui-

275 1383 348 1445 dem
364 1383 584 1464 deprehensus
600 1402 662 1444 non
675 1393 732 1461 est,
751 1382 894 1446 sedeam
910 1382 1027 1444 furtum
1045 1382 1158 1444 fecisse
1171 1385 1281 1463 negari
1296 1403 1362 1444 non
1389 1402 1417 1444 40

236 1471 255 1530 3
276 1479 387 1550 potest.
415 1469 564 1550 Concepti
580 1471 703 1531 actione
719 1471 895 1548 istenetur,
916 1467 1000 1549 apud
1017 1486 1111 1548 quem
1123 1467 1242 1530 furtum
1259 1487 1363 1548 quao-

274 1557 370 1618 situm
393 1565 423 1618 et
446 1558 611 1618 inuentum
635 1563 692 1617 est.
732 1555 829 1617 oblati
851 1555 973 1618 actione
997 1555 1025 1616 is
1040 1563 1185 1632 tenetur,
1213 1557 1268 1635 qui
1293 1575 1361 1616 ram

237 1643 254 1702 t
275 1641 425 1704 furtiuam
449 1641 502 1704 alii
519 1641 650 1718 obtulit,
675 1660 716 1702 ne
731 1639 817 1722 apud
833 1659 868 1701 se
885 1641 1093 1702 inueniretur.
1132 1642 1219 1702 Furti
1236 1643 1363 1702 actione

238 1729 256 1787 5
274 1729 301 1790 40
317 1747 412 1808 agere
428 1736 541 1808 potest,
560 1727 650 1788 cuius
667 1728 800 1788 interest
815 1745 883 1788 rem
898 1746 961 1788 non
977 1725 1168 1807 perdidisse.
1210 1727 1361 1805 Concepti

274 1815 300 1876 is
315 1833 409 1894 agere
426 1823 546 1894 potest,
571 1814 626 1894 qui
643 1831 708 1874 rem
725 1813 869 1893 concepit
890 1821 921 1873 et
937 1813 1071 1874 inuenit.
1110 1811 1205 1874 oblati
1222 1815 1249 1874 is
1265 1833 1362 1892 agore

236 1900 255 1959 6
273 1910 392 1980 potest,
418 1918 518 1980 penes
539 1918 633 1979 quem
655 1917 707 1960 res
728 1907 878 1978 concepta
900 1907 931 1960 et
953 1899 1082 1960 inuenta
1104 1908 1162 1960 est.
1203 1899 1361 1960 Manifesti

274 1983 348 2047 furti
365 1986 444 2047 actio
466 1994 498 2047 et
520 2004 580 2046 nec
603 1983 762 2046 manifesti
779 1993 810 2045 et
826 1986 967 2064 concepti
991 1995 1023 2046 et
1037 1982 1134 2046 oblati
1157 1984 1268 2046 heredi
1286 1987 1365 2064 qui-

235 2069 255 2130 7
273 2070 346 2132 dem
362 2071 525 2152 competit,
545 2070 650 2132 sedin
666 2069 818 2132 heredem
833 2089 896 2131 non
912 2070 1016 2132 datur.
1056 2071 1193 2148 Seruus,
1219 2072 1274 2150 qui
1294 2070 1363 2130 iur-

272 2167 341 2218 tum
363 2157 475 2218 fecerit
497 2156 689 2219 damnumue
713 2154 856 2234 dederit,
886 2155 947 2217 nisi
969 2155 1002 2218 id
1029 2175 1086 2236 pro
1108 2157 1158 2218 sui
1180 2159 1359 2242 quantitate

235 2243 254 2301 8
274 2241 421 2304 dominus
443 2243 561 2304 sarcire
582 2243 622 2304 sit
642 2251 789 2323 paratus,
815 2260 916 2303 noxae
939 2241 1013 2302 dedi
1036 2251 1147 2322 potest.
1188 2243 1221 2302 Si
1244 2262 1360 2304 seruus
1385 2264 1413 2302 rr

275 2327 392 2390 furtum
416 2328 542 2406 fecerit,
573 2327 690 2390 deinde
715 2329 926 2390 manumissus
949 2328 989 2389 sit
1009 2338 1062 2389 aut
1083 2329 1255 2407 alienatus,
1285 2348 1359 2389 cunt

274 2417 342 2495 ipso
365 2416 555 2476 manumisso
584 2415 636 2476 uel
667 2423 807 2494 emptore
830 2415 880 2493 agi
902 2422 1021 2494 potest:
1055 2433 1135 2474 noxa
1156 2415 1242 2475 enim
1264 2423 1362 2495 caput

235 2501 254 2559 9
273 2501 427 2580 sequitur.
460 2501 557 2562 Filius
574 2499 708 2563 familias
722 2500 749 2562 si
766 2497 884 2561 furtum
901 2497 1022 2578 fecerit,
1041 2498 1159 2560 deinde
1174 2502 1362 2581 emancipe-

272 2597 342 2664 tur,
366 2586 442 2648 furti
458 2588 539 2648 actio
563 2587 595 2647 in
619 2605 691 2648 eum
713 2584 823 2664 datur,
847 2585 921 2664 quia
945 2586 976 2646 in
997 2585 1143 2647 omnibus
1158 2605 1241 2648 noxa
1263 2599 1360 2667 caput

214 2672 252 2735 44)
272 2673 427 2752 sequitur.
452 2673 519 2733 Non
534 2681 656 2734 tantum
673 2673 727 2751 qui
745 2671 863 2734 furtum
880 2670 1007 2749 fecerit,
1025 2670 1192 2734 sedetiam
1209 2672 1246 2750 is,
1266 2675 1361 2734 ouius
1386 2691 1413 2732 ,0

272 2777 329 2839 0ρο
349 2769 404 2820 aut
419 2759 548 2820 oonsilio
570 2757 689 2820 furtum
712 2756 827 2820 factum
845 2755 960 2834 fuerit,
984 2757 1060 2818 furti
1075 2759 1196 2819 actione
1212 2767 1356 2820 tenetur.

214 2845 247 2904 tt
271 2843 346 2906 *Rei
369 2844 597 2919 hereditariae,
624 2853 792 2924 antequam
809 2842 850 2905 ab
865 2842 983 2904 herede
1000 2842 1216 2924 possideatur,
1237 2843 1358 2906 furtum

213 2931 252 2992 44
272 2929 361 2991 *fieri
384 2949 447 2992 non
469 2929 606 3011 potest*
646 2929 718 3011 [Qui
742 2930 943 2990 meretricem
964 2928 1109 2990 libidinis
1132 2948 1227 2992 causa
1251 2932 1361 3011 rapuit

272 3102 726 3114 tvvmtmnonntwnrnssflrnrxsxaexstfxmw·
751 3102 806 3112 nri-r
834 3101 897 3112 ’νυν-ι
918 3101 1337 3114 visitans-ww„annm-awssntxtvsnnpxfl.

340 3190 382 3238 at.
398 3191 462 3236 4-4
478 3207 509 3230 --
526 3187 632 3238 collatio
646 3191 670 3245 4,
686 3191 710 3245 5,
726 3189 792 3235 4-6
839 3185 850 3248 1]
898 3190 940 3245 34,
956 3190 980 3234 7.
995 3190 1009 3234 8
1026 3186 1058 3248 cf.
1076 3187 1194 3236 Edictum
1211 3189 1361 3238 Theoderici

273 3259 331 3305 444.
348 3259 396 3305 tao
422 3257 478 3306 Lem
491 3257 561 3305 44000.
577 3257 712 3319 40490044.
729 3259 759 3304 tt
798 3255 809 3317 1]
848 3258 890 3315 at,
907 3259 934 3303 44
951 3268 985 3305 ee
1001 3256 1134 3305 4100004400
1146 3259 1261 3306 restituit
1275 3257 1358 3308 0040-

269 3327 325 3374 0400
341 3325 447 3374 04000.
462 3327 504 3383 44,
521 3329 551 3373 te

271 3459 507 3474 -J-Wrsv-Nwwmxa
515 3459 582 3470 ventvs
593 3460 599 3468 ι
610 3460 638 3470 m«
646 3459 670 3470 m
681 3459 688 3468 μ
732 3459 740 3466 ›-

341 3563 544 3628 tqui]quiaF
575 3562 587 3625 Ι]
624 3561 720 3612 idolo
733 3563 804 3613 mato
818 3577 867 3613 om.
886 3563 948 3614 0044.
969 3559 996 3626 4Ι]
1032 3564 1357 3629 4004040400044.,0040

271 3633 328 3694 ut)
345 3632 491 3683 sustulerat
501 3633 688 3697 deprehensus
707 3633 850 3695 Wtstyottt,
865 3631 970 3684 furatus
981 3636 1022 3683 est
1034 3633 1248 3697 comprehensus
1263 3635 1325 3684 0044.
1346 3637 1357 3702 Ι]

270 3705 346 3752 9004
358 3701 403 3751 fur
418 3701 480 3753 0044.
512 3701 523 3764 1]
553 3699 684 3766 rapiendo
701 3700 762 3750 0044.
794 3700 805 3764 ΙΙ
836 3705 865 3750 44
886 3702 1099 3766 comprehensus
1116 3701 1178 3752 0044.
1210 3703 1221 3766 1]
1251 3702 1354 3754 furtum

270 3783 319 3820 orn.
337 3769 399 3820 Colt.
438 3771 448 3833 Ι]
485 3773 511 3818 44
535 3772 558 3819 40
576 3783 624 3819 orn.
643 3769 706 3818 0044.
738 3769 749 3832 Ι]
781 3772 1007 3833 quaesitum...
1031 3774 1061 3818 44
1080 3771 1129 3834 004]
1150 3773 1353 3822 estinuentum

272 3839 335 3890 0044.
366 3839 377 3901 Ι]
408 3838 735 3897 4400400004,ου4444
765 3837 775 3900 ΙΙ
806 3840 930 3903 concepti
941 3839 972 3902 is]
988 3840 1148 3904 conceptiua
1157 3843 1249 3890 autem
1262 3841 1325 3891 0044.
1350 3839 1355 3906 Ι

271 3907 349 3970 thet]
365 3908 392 3957 id
405 3907 572 3958 00444000440
600 3907 611 3968 Ι]
640 3907 663 3957 40
676 3920 724 3956 om.
740 3907 802 3958 0044.
833 3907 844 3970 Ι]
876 3910 946 3958 teet
958 3921 1008 3958 om.
1024 3909 1097 3967 0044,
1113 3908 1141 3958 id
1154 3912 1196 3958 est
1208 3910 1327 3959 Huschke
1350 3909 1354 3974 Ι

271 3977 360 4039 toqui
370 3977 406 4035 Μ,
418 3977 470 4026 044
500 3975 511 4039 Ι]
541 3979 571 4024 44
582 3976 749 4026 manumisso
761 3975 889 4035 00400400,
902 3978 1101 4028 manumissore
1110 3979 1209 4027 codices
1238 3978 1249 4039 Ι]
1278 3980 1351 4028 enim

268 4046 342 4103 dett,
356 4057 405 4093 000.
420 4044 469 4094 ut
504 4044 515 4106 11
551 4048 582 4093 46
600 4058 652 4108 ope
667 4043 797 4102 00400400,
815 4047 1007 4108 operaoodtcea
1042 4045 1053 4108 Ι]
1089 4049 1120 4095 48
1139 4044 1198 4110 444
1213 4048 1351 4096 Paetinae

269 4127 325 4162 0000
336 4114 401 4162 uidit
417 4113 545 4170 00400400,
560 4113 592 4174 of.
608 4111 620 4176 §
634 4116 661 4160 et
679 4117 703 4162 04
716 4113 774 4175 1449.
791 4116 832 4171 44,
848 4117 873 4172 4,
888 4117 919 4162 49
