3066 4826
533 429 619 442 ...-.
664 396 723 458 117
769 430 854 442 ....
1037 397 1116 450 Paul.
1129 399 1162 461 V,
1177 401 1202 450 t.
1217 401 1231 448 7

148 585 265 664 debet,
298 593 331 647 et
359 584 409 646 his
436 581 578 662 uicibus,
613 583 729 664 quibus
757 585 930 664 asingulis
953 584 1027 648 duci
1055 559 1247 665 consueuit·

149 672 275 736 ducenti
290 670 339 734 uis
354 671 421 732 lieri
436 667 642 751 prohibetur:
667 669 801 732 alienam
816 679 921 732 autem
937 690 1050 751 aquam
1066 675 1233 754 usurpanti

149 759 332 821 nummaria
343 774 444 838 poena
458 758 632 837 inrogatur.
679 757 769 818 ouius
783 757 829 817 rei
844 775 920 818 cura
934 756 975 820 ad
990 752 1234 822 sollicitudinem

92 848 130 908 40
149 833 311 926 praesidis
331 851 463 924 spectat.
509 841 665 904 Redditur
685 841 846 904 interdicti
861 843 958 922 actio,
985 862 1066 924 quae
1082 847 1234 926 proponi-

149 941 204 993 tur
221 949 262 992 ex
277 948 331 1008 eo,
355 937 392 990 ut
407 929 480 1008 quis
502 928 587 1008 quod
601 929 781 1008 precarium
802 927 897 990 habet
911 929 1067 991 restituat.
1114 949 1187 993 nam
1203 940 1234 993 et
1252 944 1270 992 t

151 1017 257 1078 ciuilis
272 1016 352 1077 aetio
367 1015 463 1078 huius
478 1014 526 1088 rei
548 1015 630 1078 sicut
644 1012 830 1075 commodati
851 1016 1017 1095 competit:
1042 1035 1078 1077 eo
1093 1016 1146 1080 uel
1166 1035 1235 1078 ma-

150 1103 255 1181 xime,
281 1098 368 1182 quod
383 1119 423 1162 ex
437 1099 591 1162 beneficio
606 1117 663 1162 suo
677 1101 901 1181 unusquisque
916 1101 1066 1162 iniuriam
1081 1103 1148 1182 pati
1170 1121 1233 1164 non

92 1191 126 1251 ll
152 1186 262 1252 debet.
309 1187 449 1248 Preoario
465 1185 628 1266 possidere
650 1185 781 1248 uidetur
795 1204 859 1247 non
875 1195 996 1248 tantum
1020 1189 1076 1268 qui
1090 1207 1149 1267 per
1165 1190 1234 1269 epi-

151 1274 268 1336 stulam
289 1273 343 1334 uel
362 1270 505 1352 qualibet
518 1273 580 1333 alia
596 1272 715 1334 ratione
738 1273 796 1333 hoo
811 1271 872 1334 sibi
896 1272 1027 1336 concedi
1048 1274 1231 1354 postulauit,

151 1359 210 1422 scd
226 1368 259 1422 et
274 1360 301 1420 is
316 1359 371 1439 qui
391 1358 478 1419 nullo
492 1358 666 1420 uoluntatis
681 1356 813 1438 indicio,
831 1359 973 1440 patiente
986 1368 1093 1421 tamen
1108 1357 1234 1422 domino
1253 1373 1284 1419 44

92 1450 133 1510 42
151 1443 306 1528 possidet.
352 1445 450 1506 Heres
465 1445 550 1523 eius,
575 1444 631 1524 qui
651 1445 826 1524 precariam
848 1445 1077 1525 possessionem
1092 1445 1231 1526 tenebat,

151 1534 178 1594 si
195 1533 229 1593 in
246 1549 282 1593 ea
297 1532 459 1609 manserit,
479 1531 578 1610 magis
594 1528 764 1592 dicendum
777 1539 825 1592 ast
840 1529 920 1591 clam
934 1530 1040 1592 uideri
1050 1530 1230 1611 possidere:

152 1618 260 1680 nullae
283 1617 368 1679 enim
382 1635 495 1696 preces
510 1617 579 1677 eius
594 1614 745 1678 uidentur
764 1614 937 1689 adhibitae.
985 1625 1017 1678 et
1037 1616 1108 1678 ideo
1123 1636 1236 1698 perse-

93 1707 132 1767 l3
152 1705 238 1766 cutio
254 1703 323 1764 eius
338 1703 385 1763 rei
400 1719 527 1782 semper
546 1701 688 1763 manebit
702 1721 762 1763 neo
777 1701 945 1763 interdicto
967 1702 1054 1764 locus
1069 1711 1127 1764 est.
1173 1701 1235 1764 Ar-

151 1791 228 1868 bor,
249 1807 330 1869 quae
346 1789 378 1848 in
393 1788 511 1850 alienas
526 1786 622 1850 aedes
637 1789 781 1850 imminet
795 1789 848 1850 uel
862 1789 896 1849 in
911 1789 1010 1850 uicini
1025 1807 1154 1870 agrum,
1172 1791 1235 1852 nisi
1254 1803 1284 1851 44

151 1895 171 1938 a
194 1874 321 1937 domino
343 1873 501 1936 sublucari
522 1892 584 1935 non
610 1882 729 1954 potest,
755 1874 847 1954 isque
864 1874 1103 1937 conueniendus
1128 1882 1235 1936 estut

152 1981 224 2024 eam
248 1959 405 2023 sublucet.
452 1959 580 2040 quodsi
596 1968 772 2022 conuentus
787 1959 934 2022 dominus
956 1959 991 2022 id
1004 1959 1107 2023 lacere
1122 1961 1235 2024 nolue-

152 2049 212 2128 rit,
231 2066 249 2109 a
270 2047 376 2108 uicino
395 2046 539 2108 luxuries
560 2064 718 2108 ramorum
741 2048 968 2126 compescitur:
993 2044 1091 2127 idque
1114 2047 1236 2127 qualia-

93 2135 132 2196 ll
152 2151 291 2213 cumque
306 2130 452 2195 dominus
467 2130 570 2194 lacere
585 2150 648 2194 non
663 2131 860 2213 prohibetur.
895 2129 1061 2195 Aduersus
1077 2151 1159 2212 cum,
1179 2133 1235 2214 qui

151 2221 313 2284 hominem
334 2216 471 2280 liberum
491 2219 635 2280 uinxerit
649 2220 863 2299 suppresserit
885 2219 1050 2280 incluserit
1064 2237 1234 2299 operamne
1254 2233 1285 2280 ao

151 2315 190 2369 ut
206 2304 240 2367 id
255 2305 346 2366 fieret
361 2302 495 2383 dederit,
513 2312 576 2365 tam
590 2303 795 2366 interdictum
811 2323 906 2385 quam
921 2305 1000 2385 legis
1011 2305 1124 2368 Fabiae
1139 2323 1237 2386 super

153 2411 191 2454 ea
207 2410 242 2452 rc
259 2391 340 2454 actio
356 2388 517 2452 redditur:
543 2399 575 2452 et
596 2388 763 2453 interdicto
786 2389 916 2471 quidem
931 2389 964 2453 id
987 2393 1102 2472 agitur,
1127 2399 1163 2454 ut
1179 2411 1236 2453 ex-

154 2477 306 2539 hibeatur
327 2478 354 2538 is
370 2476 426 2557 qui
442 2474 619 2556 detinetur,
637 2475 707 2557 lego
722 2485 830 2538 autem
844 2474 954 2556 Fabia,
973 2486 1009 2538 ut
1024 2479 1119 2540 etiarn
1134 2496 1236 2558 poena

96 2562 135 2624 45
153 2563 334 2626 nummaria
347 2571 542 2625 coerceatur.
587 2564 672 2624 Bene
687 2561 880 2625 concordans
893 2563 1127 2625 matrimonium
1143 2581 1236 2643 sepa-

154 2650 218 2713 rari
235 2670 252 2711 a
274 2657 362 2730 patre
385 2646 481 2710 diuus
496 2650 569 2710 Pius
589 2646 769 2729 prohibuit,
795 2649 935 2728 itemque
952 2669 970 2711 a
991 2659 1121 2729 patrono
1137 2648 1237 2710 liber·
1253 2662 1286 2709 to

154 2745 240 2813 tum,
258 2733 478 2815 aparentibus
493 2733 592 2796 filium
607 2732 783 2814 filiamque:
802 2735 866 2796 nisi
881 2733 960 2796 forte
976 2742 1160 2814 quaeratur,
1178 2733 1235 2796 ubi

96 2820 135 2880 46
153 2822 268 2884 utilius
283 2821 396 2882 morari
412 2819 538 2882 debeat.
584 2819 740 2881 Omnibus
755 2818 861 2898 bonis,
882 2839 963 2901 quae
978 2817 1073 2881 habet
1089 2837 1235 2899 quaeque

154 2907 324 2970 habiturus
339 2915 397 2984 est,
416 2905 562 2986 obligatis
577 2924 636 2967 nec
652 2903 826 2967 concubina
841 2925 900 2967 nee
915 2905 998 2967 filius
1012 2903 1165 2966 naturalis
1176 2923 1236 2968 nec

154 2994 305 3056 alumnus
324 3011 383 3054 nec
399 3011 480 3072 quae
503 2993 536 3054 in
559 3011 619 3054 usu
642 2989 796 3052 cotidiano
812 2991 909 3054 habet
924 2991 1121 3072 obligantur:
1146 2989 1235 3051 ideo-

154 3097 219 3160 que
235 3077 275 3140 de
290 3078 340 3140 his
354 3096 413 3140 neo
429 3076 632 3139 interdictum
646 3075 802 3139 redditur.
1253 3090 1284 3136 ao

494 3249 544 3328 [ur
586 3265 624 3310 nr
649 3245 898 3329 onnrorrrorunrs]

116 3370 130 3429 4
242 3369 476 3449 Obligationum
497 3366 721 3430 firmandarum
742 3369 840 3448 gratia
856 3367 1073 3448 stipulationes
1088 3367 1236 3431 inductae

155 3465 248 3533 sunt,
275 3473 355 3535 quae
377 3453 512 3535 quadam
530 3453 703 3516 uerborum
724 3454 934 3516 sollemnitate
948 3456 1185 3535 concipiuntur,
1204 3463 1236 3516 et

155 3542 345 3623 appellatae,
363 3539 448 3620 quod
463 3559 522 3620 per
537 3559 590 3603 eas
605 3539 736 3601 firmitas
751 3539 975 3621 obligationum
991 3542 1231 3622 constringitur:

115 3629 137 3691 2
155 3628 309 3708 stipulum
325 3628 552 3708 enimueteres
565 3625 691 3688 firmum
706 3625 959 3707 appellauerunt.
988 3625 1163 3688 Verborum
1178 3625 1236 3686 ob-
1253 3638 1286 3685 aa

154 3715 264 3794 ligatio
279 3715 364 3774 inter
374 3720 570 3792 praesentes,
589 3730 652 3773 non
665 3712 758 3773 etiam
771 3713 856 3773 inter
869 3711 1017 3774 absentes
1027 3712 1233 3774 contrahitur.

1132 3855 1133 3859 .
1151 3845 1238 3862 υυνυυ,

228 3938 238 3983 4
262 3936 289 3985 et
300 3936 371 3995 dett,
385 3947 434 3985 om.
449 3935 498 3986 tlt
527 3933 539 3998 ΙΙ
568 3937 583 3983 a
602 3933 714 3985 ducenti
728 3931 858 3992 ceruos,
877 3932 990 3983 ducenti
1001 3935 1091 3984 autem
1102 3934 1200 3984 coboea

159 4008 189 4054 43
210 4003 417 4064 eiusll,om.l
446 4001 457 4066 ΙΙ
488 4007 518 4052 tt
537 4005 614 4067 isque
627 4005 698 4060 dett..
713 4003 737 4052 is
749 4003 797 4066 qui
809 4002 857 4052 ML
887 4001 898 4066 ΙΙ
929 4005 959 4052 48
979 4003 1201 4067 conpesceturll

158 4077 187 4121 44
209 4071 297 4122 labiae
316 4085 398 4137 super
415 4085 447 4122 ea
464 4086 494 4122 re
512 4073 583 4122 actio
602 4073 632 4123 ll
639 4112 645 4134 ,
667 4070 755 4122 labiae
772 4073 804 4120 ut
821 4083 903 4136 super
920 4083 952 4120 ea
969 4085 1000 4122 re
1017 4073 1155 4122 accusatio
1174 4071 1193 4122 L
1227 4069 1237 4138 ll

155 4144 190 4191 aa
210 4144 260 4192 ut.
277 4179 282 4191 .
300 4177 305 4192 .
319 4143 351 4191 44
365 4143 529 4191 coerceatur
538 4140 665 4200 Gotones,
680 4141 746 4190 aut.
762 4177 769 4190 .
785 4175 792 4190 .
808 4139 968 4190 cohercetur
979 4141 1076 4191 codices
1104 4139 1116 4204 11
1146 4145 1173 4190 tt
1190 4139 1234 4206 de]

155 4210 192 4260 <le
203 4209 351 4261 uerborum
364 4209 497 4273 Schultinp
