3028 4830
288 317 459 379 Pio1.11,tt
680 351 767 362 ...-
811 317 851 379 68
896 351 982 362 ...-

181 573 185 584 ,
288 507 357 567 eius
378 503 464 585 quod
486 505 638 568 mentitus
658 516 706 566 est
721 503 823 566 officio
842 503 958 567 iudicis
971 506 1186 567 aestimatione
1202 503 1282 566 taeta
1298 523 1375 566 oon·-

250 593 268 650 5
286 592 429 653 uenitur.
470 589 650 653 Redhibitio
670 592 777 652 uitiosi
799 592 947 671 mancipii
970 593 1052 652 intra
1074 611 1132 653 sex
1152 610 1279 652 menses
1302 591 1371 652 fieri

251 679 268 737 6
287 687 391 758 potest
406 686 535 758 propter
555 677 657 738 latens
671 678 797 738 uitium.
838 677 870 738 Si
884 687 920 738 ut
942 696 1071 738 seruum
1087 679 1160 757 quis
1174 677 1277 757 pluris
1290 695 1372 738 uen-

287 759 390 842 deret,
408 762 450 824 de
463 762 592 824 artifieio
604 763 674 824 eius
684 763 738 825 uel
753 762 793 824 de
808 764 933 844 peculio
949 765 1102 824 mentitus
1117 773 1176 840 est,
1194 764 1317 824 actione
1333 781 1372 823 ex

289 858 395 929 empto
410 859 585 910 conuentus
600 859 719 928 quanto
740 850 872 910 minoris
887 849 1041 910 ualuisset
1054 851 1196 934 ‘emptori
1211 859 1371 929 praestare
1389 863 1403 908 t

251 935 268 994 7
288 936 499 1016 compellitur,
517 935 580 995 nisi
595 945 724 1014 paratus
738 937 781 996 sit
796 955 869 996 eum
885 934 1067 996 redhibere.
1107 936 1155 996 Ex
1169 934 1221 996 dio
1238 935 1372 1014 emptio-
1418 985 1421 998 .

288 1021 355 1099 nis,
381 1021 418 1099 [si
434 1040 508 1101 pars
530 1021 626 1101 pretii
641 1031 806 1082 numerata
821 1019 885 1101 sit,]
905 1031 936 1082 et
952 1021 1075 1083 fruetus
1089 1030 1121 1082 et
1136 1039 1250 1101 operae
1266 1039 1373 1081 seruo-

286 1126 357 1168 rum
373 1116 405 1168 at
420 1107 503 1167 fetus
518 1125 668 1187 pecorum
685 1117 717 1167 et
727 1107 912 1170 ancillarum
927 1117 1038 1186 partus
1052 1107 1093 1169 ad
1107 1116 1281 1187 emptorem
1296 1125 1373 1186 per-

250 1193 400 1266 ¹8tinent.
445 1191 590 1254 Fundum
613 1193 752 1254 alienum
775 1193 854 1253 mihi
875 1192 1069 1254 uendidisti:
1095 1203 1203 1274 postea
1225 1192 1310 1254 idem
1334 1211 1371 1253 ex

286 1297 381 1340 eausa
403 1278 557 1341 iueratiua
573 1297 663 1340 meus
684 1278 784 1340 iaetus
800 1289 865 1339 est:
890 1281 1039 1360 competit
1055 1279 1132 1339 mihi
1152 1275 1324 1360 aduersum
1341 1289 1371 1339 te
1391 1292 1419 1335 to

250 1365 329 1426 {iod
342 1365 482 1444 pretium
503 1363 756 1446 recuperandum
777 1365 858 1425 aetio
881 1377 1053 1446 exempto.
1093 1365 1163 1425 Post
1184 1383 1252 1426 rem
1272 1363 1374 1426 tradi-

287 1461 350 1511 tam
366 1451 430 1511 nisi
452 1459 576 1530 emptor
596 1451 733 1532 pretium
755 1452 860 1511 statim
877 1451 1035 1525 exsoluat,
1061 1469 1175 1512 usuras
1194 1451 1263 1511 eius
1279 1469 1373 1530 prae-

231 1538 268 1596 i0
287 1545 372 1598 stare
395 1535 555 1616 cogendus
571 1547 629 1597 est.
669 1537 772 1597 Mutus
794 1555 899 1598 emere
916 1545 948 1598 et
969 1536 1111 1599 uendere
1126 1545 1248 1617 potest:
1274 1535 1373 1597 furio-

230 1624 341 1686 tisus
361 1631 466 1684 autem
482 1640 589 1701 neque
606 1621 748 1684 uendere
764 1641 871 1702 neque
889 1641 995 1684 emere
1011 1632 1124 1704 potest.
1149 1623 1270 1684 Seruus
1290 1621 1373 1682 bona

288 1707 351 1770 fide
372 1718 571 1788 comparatus
591 1710 618 1770 si
640 1728 680 1770 ex
700 1710 802 1770 uetari
824 1711 903 1770 uitio
919 1707 1052 1788 fugerit,
1079 1727 1141 1769 non
1157 1717 1281 1770 tantum
1296 1727 1373 1788 pre·
1392 1722 1420 1767 tt

288 1795 366 1856 tium
390 1793 554 1873 dominus,
585 1793 641 1855 sed
663 1801 690 1855 et
710 1813 747 1855 ea
768 1813 850 1873 quae
871 1813 931 1874 per
952 1793 1056 1874 fugam
1077 1793 1208 1856 abstulit
1237 1792 1373 1855 reddere

187 1881 247 1962 ⁴²(4
255 1879 282 1962 3]
289 1881 422 1960 cogitur.
462 1879 540 1941 Cum
559 1879 703 1961 probatio
718 1880 831 1960 prioris
846 1879 939 1960 fugae
955 1879 1117 1960 defecerit,
1135 1882 1223 1942 serui
1240 1899 1373 1960 respon-

289 1967 369 2027 sioni
385 1964 581 2027 oredendum
598 1975 661 2027 est:
681 1967 714 2026 in
729 1985 763 2026 se
777 1967 862 2026 enim
879 1967 1076 2047 interrogari,
1094 1984 1157 2027 non
1173 1985 1230 2046 pro
1246 1965 1373 2026 domino

188 2051 345 2134 i3iii)aut
360 2052 393 2112 in
409 2050 570 2112 dominum
591 2051 730 2114 uidetur.
771 2053 806 2111 ln
822 2071 858 2112 eo
873 2062 1052 2131 contractu,
1078 2053 1190 2132 quiex
1211 2051 1373 2113 bonafide

289 2137 470 2215 deseendit,
490 2139 769 2200 instrumentorum
786 2136 901 2198 oblatio
922 2139 990 2200 sine
1006 2157 1100 2200 eausa
1115 2136 1328 2215 desideratur,
1347 2139 1373 2198 si
1392 2149 1420 2194 at

219 2224 274 2282 ⁴3⁸
289 2241 351 2302 quo
373 2221 465 2284 modo
478 2225 596 2286 ueritas
611 2223 651 2287 de
673 2222 736 2284 fide
751 2233 930 2286 contractus
947 2225 1045 2304 possit
1060 2222 1195 2286 ostendi,
1232 2225 1374 2284 *lustru-

287 2311 485 2370 *mentorum
501 2311 628 2372 nomine
650 2328 686 2370 ea
702 2310 807 2370 omnia
829 2309 1012 2390 accipienda
1029 2320 1118 2387 sunt,
1144 2308 1263 2390 quibus
1279 2329 1374 2371 eausa
1415 2360 1417 2368 ,

287 2394 420 2454 *instrui
437 2404 557 2474 potest:
576 2404 609 2456 et
623 2394 693 2456 ideo
708 2404 771 2456 tam
787 2396 966 2457 testimonia
978 2415 1073 2476 quam
1088 2415 1241 2476 personae
1253 2396 1374 2456 instru-

188 2477 485 2561 ti(i5}*mentorum
500 2481 567 2542 loeo
583 2479 773 2544 habentur*
809 2481 937 2544 Fundus
953 2483 1023 2544 eius
1038 2501 1108 2544 esse
1123 2481 1264 2558 uidetur,
1282 2483 1373 2542 cuius

288 2567 415 2626 nomine
430 2576 629 2646 comparatus
645 2578 708 2645 est,
731 2586 794 2627 non
811 2587 829 2628 a
844 2586 906 2647 quo
921 2570 1057 2648 pecunia
1079 2577 1245 2629 numerata
1260 2577 1326 2644 est,
1345 2569 1372 2628 si
1391 2579 1419 2626 tt
1500 2625 1501 2640 ,

188 2649 389 2732 initiitamen
405 2649 523 2714 fundus
538 2653 744 2733 comparatori
762 2653 802 2714 sit
817 2653 962 2716 traditus.
1002 2652 1200 2715 *Heredibus
1219 2652 1373 2714 debitoris

287 2735 461 2799 *aduersus
490 2739 693 2814 creditorem,
727 2739 781 2818 qui
810 2740 942 2819 pignora
968 2741 1021 2801 uel
1051 2738 1182 2802 fiducias
1211 2739 1369 2819 distraxit,

286 2824 391 2885 *nulla
407 2825 487 2884 aetio
502 2824 614 2904 datur,
632 2827 694 2886 nisi
710 2843 727 2886 a
742 2833 893 2886 testatore
908 2827 1049 2887 inchoata
1064 2825 1105 2887 ad
1121 2845 1173 2887 eos
1188 2827 1374 2887 transmissa

305 3031 331 3042 NJ
345 3028 549 3043 *lxmam-M
873 3029 1376 3046 ΛΛΛΛΛΛᾹΑΑΑΛΜἎΛΙΜΝΛΛΜΛΛΛΙᾺΝ

359 3169 399 3225 44,
416 3170 462 3215 ro⁸
474 3185 506 3208 =
520 3166 579 3229 mo.
593 3169 637 3224 aa,
653 3167 677 3225 4,
693 3170 702 3214 4
731 3167 742 3230 ιι
767 3170 809 3228 44,
825 3172 855 3217 tt
869 3187 901 3211 ε
918 3167 1075 3218 emate
1089 3172 1143 3228 es

1046 3356 1375 3372 mmmmm·

362 3510 371 3553 t
395 3505 484 3557 officio
503 3508 532 3569 t,
552 3507 587 3558 de
605 3507 686 3558 modo
705 3508 733 3558 id
751 3512 792 3559 est
808 3509 842 3560 de
861 3511 947 3574 spatio
966 3512 995 3561 Μ
1022 3511 1033 3574 ΙΙ
1063 3515 1077 3561 3
1096 3513 1194 3562 uitium
1213 3515 1286 3574 dett,¹
1305 3514 1374 3563 uitio

291 3576 339 3626 Mt
369 3575 380 3638 11
410 3579 423 3622 t
444 3577 466 3626 si
479 3579 597 3640 pretium
610 3580 782 3627 numeratum
795 3579 830 3628 sit
846 3580 1071 3630 Vesontinostesto
1086 3581 1191 3631 Cotuato
1206 3583 1313 3632 Obtoru.
1328 3586 1371 3640 et,

293 3649 335 3695 tt:
358 3645 476 3694 Huschke
492 3646 538 3695 hoe
555 3658 663 3706 comato,
682 3649 750 3708 qood
767 3649 802 3696 od
812 3649 941 3708 reliquom
951 3649 1027 3698 tates
1039 3653 1179 3700 sententiae
1191 3655 1375 3714 oruamentum

289 3727 340 3763 oon
352 3715 464 3774 quadrat
477 3713 519 3776 (es.
533 3727 560 3763 44.
574 3728 600 3777 p.
615 3714 675 3777 Dia.
691 3718 732 3776 te,
748 3719 772 3775 4,
787 3720 818 3764 te
833 3714 860 3780 §i
871 3720 911 3764 to.
925 3723 965 3765 ta.
982 3722 1023 3776 ts,
1036 3722 1060 3777 t,
1073 3722 1086 3766 7
1095 3720 1162 3780 pn),
1173 3723 1273 3780 postte
1284 3718 1374 3769 iaetus

291 3787 331 3832 est
342 3785 503 3847 transpositu
531 3782 543 3844 11
572 3795 716 3833 seruorum
732 3783 861 3845 Graecias,
885 3785 944 3835 eius
956 3788 1054 3836 codices
1082 3787 1093 3850 ΙΙ
1125 3791 1154 3836 to
1173 3789 1342 3852 conpetetti

293 3855 319 3899 tt
342 3850 377 3900 ad
389 3864 439 3901 om.
453 3849 551 3901 codiee's
580 3853 591 3914 Ιι
621 3853 651 3900 44
670 3851 905 3914 bonafidedett„
924 3852 1132 3916 tortosonte,
1151 3855 1336 3908 bonusdeM

293 3921 323 3966 46
342 3918 478 3982 dominus]
498 3926 616 3981 eapectet
633 3921 709 3985 prior
726 3920 854 3972 dominus
871 3924 914 3972 ool
931 3922 1058 3972 uenditor
1085 3923 1097 3986 ΙΙ
1126 3928 1153 3975 et
1170 3939 1219 3975 om,
1237 3927 1335 3975 codices

290 3987 423 4050 perdett„
438 3989 527 4037 tout
557 3988 568 4050 ΙΙ
599 3993 628 4037 44
644 3990 750 4052 cogitur
761 3991 791 4052 t,
806 3991 959 4054 cogeturid
986 3991 998 4054 ΙΙ
1028 3994 1101 4042 itin
1115 3994 1226 4044 domino
1239 3996 1338 4044 codices

292 4059 322 4104 to
342 4053 442 4106 oblatio
465 4057 593 4117 coiectas,
614 4057 743 4121 obligatio
761 4060 859 4109 codices
886 4059 898 4122 ΙΙ
930 4059 1101 4112 desideratur
1119 4063 1148 4121 t,
1169 4063 1373 4113 demonstratur

241 4185 243 4190 Ι
292 4125 319 4175 Μ
348 4123 359 4186 ΙΙ
390 4126 417 4172 44
438 4126 539 4174 ueritas
554 4124 683 4184 coiectas,
697 4127 825 4178 uoluntas
836 4129 934 4180 codices
