3066 4826
559 367 646 380 --
690 333 750 397 123
794 367 881 380 --
1023 333 1263 393 Paulum-ta

521 489 594 602 ’[444
637 541 675 584 nr
697 522 906 602 4444444444]
971 551 986 574 s

135 645 149 703 l
264 641 383 704 Omnes
402 642 528 704 omnino
544 641 670 704 delerre
686 643 820 706 alterum
842 652 873 704 et
896 661 1022 704 causam
1045 643 1262 724 pecuniariam

175 728 252 790 fisco
267 731 417 790 nuntiare
432 727 661 808 prohibentur:
687 747 747 790 nec
763 727 870 806 refert,
881 747 993 810 ¹mares
1008 727 1095 791 istud
1111 747 1150 790 an
1167 727 1262 790 femi-

174 833 237 878 nae
253 814 388 892 iaciant,
413 815 499 876 serui
515 833 554 877 an
572 815 702 896 ingenui
719 835 758 876 an
775 813 934 892 libertini,
954 831 993 876 an
1010 833 1083 876 suos
1097 833 1137 876 en
1154 823 1262 877 extra-

134 901 155 964 2
176 919 254 965 neos
270 899 434 962 delerant:
459 902 544 962 omni
561 902 645 962 enim
668 900 759 962 modo
775 901 961 982 puniuntur.
1010 899 1104 961 Serui
1124 901 1257 979 fiscales,
1279 908 1296 960 4

176 988 233 1067 qui
249 1005 375 1048 causam
398 984 523 1047 domino
539 986 671 1066 prodere
687 1005 723 1048 ac
738 988 886 1049 nuntiare
902 985 1114 1063 contendunt,
1132 985 1261 1048 deleme

175 1091 240 1133 non
261 1071 423 1133 uidentur.
470 1071 635 1134 subornati
656 1091 732 1134 sane
756 1091 846 1134 reum
864 1070 1001 1152 prodero
1024 1081 1194 1152 coguntur,
1218 1091 1260 1133 ne

176 1159 233 1240 qui
256 1156 341 1238 quod
356 1177 415 1240 per
429 1177 464 1219 se
484 1177 548 1220 non
563 1167 667 1240 potest
681 1159 852 1239 paralium
872 1156 1006 1220 delerat.
1052 1155 1186 1238 perinde
1202 1176 1261 1220 au-

135 1245 155 1305 3
176 1253 242 1305 tem
265 1243 490 1306 subornatores
513 1263 549 1308 ac
570 1243 727 1307 delatores
749 1247 937 1325 puniuntur.
989 1243 1134 1306 Damnati
1158 1245 1256 1321 serui,

176 1331 247 1391 siue
267 1338 339 1410 post
359 1331 549 1392 sententiam
570 1331 639 1392 siue
662 1339 735 1392 ante
751 1331 940 1392 sententiam
963 1328 1161 1390 dominorum
1184 1327 1261 1391 laci·
1280 1343 1314 1387 44

177 1435 255 1477 4444
271 1415 404 1476 confessi
418 1417 500 1495 sint,
523 1417 612 1478 nullo
627 1415 718 1478 modo
734 1415 925 1494 audiuntur,
943 1415 1005 1477 nisi
1021 1415 1100 1477 forte
1117 1434 1187 1478 reos
1202 1413 1261 1478 de-

176 1501 280 1564 lerant
294 1502 478 1564 maiestatis

438 1672 498 1754 [444
540 1691 577 1734 nn
601 1691 827 1746 orarsrroruars
850 1673 1002 1751 44444444]

140 1793 152 1852 4
264 1793 299 1852 14
315 1792 501 1854 criminibus
516 1792 668 1855 eruendis
684 1793 827 1874 quaestio
843 1791 972 1873 quidem
989 1791 1176 1854 adhibetur:
1203 1791 1261 1855 sed

176 1897 240 1938 non
257 1879 362 1940 statim
379 1897 396 1939 a
411 1879 576 1956 tormentis
598 1877 814 1960 incipiendum
831 1888 889 1957 est,
909 1878 1043 1958 ideoque
1059 1879 1150 1960 prius
1166 1897 1262 1958 argu·
1281 1891 1314 1938 44

176 1965 295 2025 mentis
310 1964 546 2044 quaerendum,
572 1974 604 2027 et
619 1966 645 2026 si
662 1965 843 2046 suspicione
859 1965 969 2045 aliqua
980 1983 1054 2026 reus
1071 1973 1257 2045 urgueatur,

175 2049 330 2113 adhibitis
343 2053 509 2112 tormentis
532 2049 571 2112 de
588 2052 680 2112 sociis
695 2062 726 2114 et
740 2049 915 2113 sceleribus
937 2051 1004 2113 suis
1018 2050 1159 2112 confiteri
1175 2069 1261 2112 oom-

137 2136 157 2196 e
175 2136 319 2217 pellitur
364 2137 464 2198 Vnius
486 2136 634 2198 facinoris
656 2137 786 2238 plurimi
802 2138 850 2198 rei
872 2137 916 2199 ita
938 2135 1091 2199 audiendi
1106 2145 1198 2217 sunt,
1223 2145 1261 2198 ut

175 2220 217 2283 ab
233 2241 270 2284 oo
284 2223 424 2306 primum
440 2224 627 2302 incipiatur,
647 2241 702 2304 qur
695 2222 857 2285 timidior
872 2232 903 2284 et
917 2214 1049 2285 tenerae
1063 2225 1175 2285 aetatis
1190 2242 1260 2285 esse

137 2308 155 2367 3
175 2306 338 2370 uideatur.
377 2307 479 2370 *Reus
494 2308 746 2372 euidentioribus
760 2309 956 2411 argumentis
971 2327 1142 2390 oppressus
1157 2310 1260 2390 repeti
1279 2324 1315 2368 ao

175 2392 228 2456 *in
245 2403 357 2476 quaest
359 2395 460 2456 ionem
477 2405 594 2475 potest,
619 2397 755 2458 maxime
771 2396 797 2457 si
814 2397 847 2456 in
862 2405 1019 2458 tormenta
1034 2396 1175 2457 animum
1191 2414 1261 2456 cor-

139 2481 156 2540 l
174 2478 320 2560 l‘pusque
336 2479 502 2542 durauerit
490 2491 513 2542 t.
538 2483 572 2542 ln
589 2501 626 2544 ea
641 2501 746 2560 causa,
763 2483 796 2542 in
812 2499 874 2562 qua
890 2483 986 2543 nullis
1000 2500 1075 2544 rens
1091 2500 1262 2562 argumen-

174 2564 235 2627 *tis
249 2566 457 2646 urguebatur,
476 2576 633 2630 tormenta
648 2587 710 2629 non
727 2567 818 2630 lacile
834 2567 1015 2630 adhibenda
1030 2577 1119 2630 sunt:
1137 2567 1195 2630 sed
1211 2568 1262 2628 in-

175 2650 340 2714 *standum
368 2655 558 2733 accusatori,
583 2662 620 2715 ut
643 2652 676 2715 id
692 2652 778 2734 quod
800 2653 944 2716 intendat
964 2653 1146 2736 comprobet
1164 2662 1261 2733 atque

138 2739 156 2796 5
175 2736 371 2800 *conuincat
419 2739 527 2802 Testes
546 2738 717 2819 torquendi
732 2757 795 2800 non
812 2749 886 2800 sunt
902 2738 1112 2801 conuincendi
1127 2739 1261 2800 menda·
1278 2753 1315 2799 44

175 2822 235 2884 *cii
248 2834 302 2886 aut
312 2825 457 2887 ueritatis
471 2827 583 2906 gratia,
602 2827 664 2887 nisi
678 2844 749 2888 cum
761 2824 843 2887 lacto
855 2825 1066 2887 interuenisse
1078 2823 1262 2886 dicuntum*

569 3013 616 3093 [xv
658 3031 696 3074 44
720 3013 868 3092 44444444]

140 3134 152 3192 4
263 3133 432 3214 Suspectos
452 3134 571 3214 gratiae
586 3141 699 3213 testes,
720 3143 752 3196 et
766 3152 819 3196 eos
833 3132 886 3195 uel
902 3132 1055 3214 maxime,
1073 3150 1152 3213 quos
1166 3149 1261 3196 accu-

177 3228 262 3281 sator
277 3217 420 3280 dedomo
435 3181 699 3302 produxerituel
699 3221 784 3284 uitae
797 3219 959 3280 humilitas
970 3218 1141 3298 inlamarit,
1159 3219 1262 3280 inter

178 3305 282 3383 rogari
297 3323 359 3365 non
382 3305 518 3385 placuit:
545 3306 578 3366 in
600 3315 680 3366 teste
702 3307 787 3366 enim
811 3313 841 3366 et
856 3305 942 3366 uitae
965 3305 1100 3384 qualitas
1123 3305 1259 3386 spectari
1279 3317 1314 3364 to

187 3476 235 3488 VW

247 3563 290 3624 44,
304 3565 369 3614 4-4
384 3581 416 3608 ==
430 3561 490 3626 Dte.
505 3565 548 3625 44,
564 3566 605 3624 44,
621 3566 651 3613 44
662 3575 706 3625 er.
721 3559 827 3626 §tt—3
857 3561 868 3625 11
899 3566 941 3624 44,
956 3565 966 3611 4
984 3581 1016 3606 =
1032 3560 1139 3612 Cottotto
1151 3563 1177 3623 4,
1192 3565 1218 3623 4,
1233 3565 1257 3612 t:

177 3635 298 3694 seperta
310 3651 342 3674 =
356 3631 416 3694 Dte.
432 3633 473 3693 44,
488 3634 514 3694 4,
529 3633 560 3681 44

177 3767 296 3784 vvwaem

247 3873 278 3920 44
297 3874 425 3934 urgeatur
438 3872 474 3931 44,
488 3871 648 3935 4444444444
689 3871 700 3934 11
743 3873 774 3920 44
793 3869 828 3935 44]
843 3874 885 3922 est
896 3869 941 3922 uel
954 3871 1014 3936 Die.
1056 3870 1068 3934 ΙΙ
1108 3873 1260 3922 4444444444-

177 3939 256 3990 (44444
269 3939 329 4004 Dte.
371 3939 382 4004 11
423 3943 454 3990 44
473 3939 599 4005 testibus]
618 3938 734 3990 testibus
751 3942 778 3990 el
795 3939 829 3990 de
850 3940 892 4003 (de
905 3953 954 3990 om.
970 3943 985 3988 4
990 3942 1032 4001 ,4)
1055 3939 1262 4004 quaestionibus

180 4007 242 4059 Gotl
257 4012 283 4071 4,
297 4011 322 4057 4.
336 4011 407 4069 4,;4
427 4008 460 4072 cs.
475 4010 546 4072 adp.
562 4013 620 4069 444,
636 4012 667 4056 44
702 4009 714 4072 ΙΙ
749 4012 780 4058 44
793 4010 956 4072 4444444444
974 4007 1037 4060 cett.
1074 4008 1085 4072 ΙΙ
1120 4011 1151 4057 44
1165 4009 1261 4060 eduxit

181 4077 270 4136 eoum
275 4045 397 4128 deduirit
410 4076 497 4127 Cott.w
512 4078 592 4128 coll.t
621 4077 632 4142 ΙΙ
661 4078 820 4142 interrogari
834 4079 895 4130 dett.
913 4076 976 4128 0444.
991 4077 1064 4142 Dte.,
1080 4079 1262 4144 interrogatus

178 4146 226 4196 ML
261 4145 271 4208 ss
305 4150 336 4194 44
356 4146 470 4197 testibus
486 4145 548 4197 Coll.
