3066 4826
497 389 500 396 ·
540 402 626 416 .-..
671 367 731 430 119
775 401 860 414 -.
1021 366 1236 428 Paulus-tt

120 560 137 618 3
158 579 231 620 rum
254 559 382 619 nomine
396 558 599 638 promittitur.
647 556 800 630 Quotiens
821 555 996 618 iudicatum
1011 555 1092 618 solui
1108 555 1242 635 stipula-

157 646 245 706 tione
257 643 438 723 satisdatur,
456 644 569 705 omissa
582 643 653 704 eius
662 642 742 704 actio
758 643 806 704 rei
821 640 977 704 iudicatae
989 642 1242 720 persecutionem

122 734 137 792 l
156 751 221 792 non
238 729 389 792 excludit.
436 729 631 809 Emancipati
653 728 747 790 liberi
762 728 926 809 praeteriti
950 728 975 788 si
990 727 1093 789 uelint
1108 729 1240 789 miscere

157 825 357 898 sopaternae
368 814 537 877 hereditati
550 821 669 876 etcum
680 815 730 876 his
745 815 800 895 qui
813 815 845 875 in
856 821 1009 894 potestate
1021 821 1241 874 remanserunt

157 903 336 964 communis
357 904 456 983 patris
479 900 626 963 diuidere
649 899 874 978 hereditatem,
900 908 1070 980 antequam
1085 898 1273 960 bonorumt

156 989 391 1069 possessionem
405 996 531 1068 petant,
551 986 591 1048 dc
608 985 799 1048 conferendo
814 1004 928 1047 cauere
950 1003 1022 1046 eum
1037 983 1240 1046 satisdatione

156 1074 333 1136 debebunt.
379 1072 464 1154 quod
483 1075 510 1134 si
526 1072 677 1134 satisdare
693 1091 755 1134 non
770 1080 912 1152 possunt,
932 1071 1036 1132 statim
1052 1089 1090 1131 ex
1105 1068 1167 1131 fide
1182 1069 1241 1130 bo·
1269 1105 1271 1112 ,

155 1180 271 1223 norum
293 1154 508 1240 confusionem
525 1167 655 1240 excepto
676 1158 800 1241 peculio
816 1159 967 1220 castrensi
989 1155 1093 1218 facere
1109 1154 1241 1236 cogendi

156 1256 242 1310 sunt.

412 1433 440 1516 [x
481 1453 519 1494 nn
543 1451 756 1495 courmununu
778 1428 987 1512 lrcromrurn]
1137 1421 1140 1426 ’
1260 1443 1290 1488 to

122 1557 132 1614 l
244 1553 293 1616 Ob
309 1563 428 1617 metum
443 1553 659 1634 impendentis
669 1552 776 1615 damni
791 1552 897 1614 uicino
913 1548 1060 1612 satisdari
1072 1547 1168 1611 debet
1183 1547 1241 1612 da-

120 1643 137 1702 2
156 1643 197 1704 tis
213 1639 420 1722 sponsoribus
434 1658 533 1720 super
548 1659 583 1700 co
600 1638 686 1719 quod
701 1638 808 1700 damni
823 1635 986 1700 acciderit.
1021 1637 1067 1697 De
1083 1635 1240 1696 communi

155 1729 279 1808 pariete
293 1727 440 1790 utilitatis
456 1745 549 1786 causa
565 1727 623 1786 hoc
637 1727 742 1806 coepit
756 1723 937 1801 obseruari,
955 1730 992 1784 ut
1006 1720 1152 1784 aedificet
1168 1721 1240 1800 qui-

156 1813 247 1890 dem,
274 1814 362 1874 ouius
378 1811 544 1874 aedificare
560 1813 709 1890 interest,
735 1820 863 1890 cogatur
877 1827 954 1870 uero
969 1807 1071 1870 socius
1086 1807 1239 1888 portionis

155 1919 232 1962 suae
248 1901 407 1980 impensas
422 1916 603 1978 agnoscere.
1259 1906 1289 1952 ts

513 2085 553 2168 [ru
596 2103 633 2146 nu
655 2085 880 2163 nouarmumvs]

120 2209 131 2268 l
244 2207 373 2287 Species
385 2214 474 2266 extra
486 2203 731 2267 dotemamatre
746 2203 779 2264 in
791 2203 940 2266 honorem
952 2204 1135 2284 nuptiarum
1146 2217 1241 2281 prac-

156 2303 246 2356 sente
274 2292 337 2353 filia
361 2309 475 2372 genero
496 2291 631 2354 traditae
652 2289 853 2353 donationem
882 2289 1052 2371 perfecisse
1076 2288 1239 2350 uidentur.

118 2379 301 2442 2Probatio
323 2376 458 2439 traditae
480 2378 534 2438 uel
562 2395 625 2438 non
647 2375 782 2439 traditae
803 2377 1011 2458 possessionis
1036 2382 1184 2436 nontam
1207 2373 1240 2433 in

156 2467 227 2528 iure
244 2483 339 2545 quam
350 2464 384 2525 in
400 2462 479 2525 facto
495 2463 652 2525 consistit:
671 2461 806 2542 ideoque
817 2462 935 2524 sufficit
951 2460 1237 2543 adprobationem,
1259 2474 1291 2518 to

118 2553 136 2611 3
156 2554 183 2614 si
207 2569 275 2612 rem
299 2550 504 2632 corporaliter
524 2557 665 2611 teneant.
712 2550 803 2610 Pater
824 2550 851 2610 si
877 2548 940 2610 filio
963 2548 1098 2609 familias
1120 2542 1241 2626 aliquid

156 2637 325 2700 donaucrit
347 2645 378 2698 et
398 2637 432 2697 iu
454 2653 491 2697 ea
511 2635 674 2697 uoluntate
697 2653 909 2716 perseuerans
931 2632 1122 2712 decesserit,
1140 2639 1240 2692 morte

120 2726 136 2784 l
156 2725 257 2805 patris
280 2721 406 2785 donatio
428 2720 631 2783 conualescit.
679 2720 758 2782 Gum
779 2721 876 2783 unius
898 2721 946 2782 rei
962 2721 995 2780 in
1019 2719 1098 2781 duos
1115 2716 1240 2779 donatio

156 2807 334 2888 confertur,
359 2809 462 2889 potior
477 2817 524 2870 est
545 2808 614 2886 ille,
640 2808 690 2868 cui
714 2825 766 2868 res
786 2806 902 2868 tradita
923 2815 987 2868 est:
1013 2824 1072 2866 nec
1094 2805 1237 2880 interest,

155 2896 312 2976 posterior
340 2897 367 2956 is
393 2912 434 2956 an
462 2895 550 2974 prior
578 2893 752 2974 acceperit,
787 2901 819 2954 et
847 2901 997 2972 exceptae
1019 2909 1079 2952 nec
1103 2907 1143 2950 ne
1163 2905 1239 2969 per·
1257 2901 1291 2947 ts

119 2982 137 3041 5
157 3000 254 3043 sonae
283 2982 358 3042 sint.
403 2980 526 3042 luuitus
549 2978 681 3041 donator
702 2978 742 3040 de
764 2979 920 3040 euictione
941 2978 988 3039 rei
1010 2975 1144 3038 donatae
1165 2991 1241 3053 pro-

157 3070 285 3129 mittere
301 3085 363 3127 nou
381 3067 519 3146 cogitur,
536 3085 595 3126 nec
611 3067 804 3143 eonomine,
823 3065 850 3126 si
865 3064 1055 3144 promiserit,
1075 3068 1236 3137 oneratur,

157 3155 234 3234 quia
249 3153 425 3214 lucratiuae
446 3154 492 3213 rei
508 3170 670 3233 possessor
690 3149 730 3212 ab
746 3150 912 3212 euictionis
933 3149 1055 3210 actione
1078 3147 1146 3228 ipsa
1161 3145 1240 3206 iuris

105 3241 139 3299 5⁵
156 3241 279 3301 ratione
302 3237 485 3318 depellitur.
531 3236 583 3300 *si
604 3247 695 3318 pater
710 3237 898 3316 emancipati
921 3234 977 3296 filii
999 3234 1126 3296 nomine
1141 3230 1240 3293 done-

157 3405 678 3424 κΝΛίΛΙννὶΝἉΙᾺΛΛΝΛἋΛΛΛΜΝἉΜΜΨν
684 3407 728 3422 ΝΜ

230 3484 324 3538 msa.
340 3479 472 3543 οπως.
488 3481 570 3541 aas,
586 3479 617 3527 or

157 3597 194 3612 ΑΛι

177 3715 178 3720 “
229 3706 243 3752 8
261 3701 450 3754 ¹confusionem
472 3703 624 3764 scripsimus
646 3701 682 3752 od
699 3700 952 3762 momentaneo,
978 3697 1182 3762 conpititioncm
1201 3695 1238 3754 ll,

157 3771 393 3836 competionemL
421 3771 433 3834 ΙΙ
462 3773 494 3820 to
513 3773 632 3831 espectet
641 3769 775 3820 rubricam
786 3767 821 3820 de
833 3767 933 3818 damno
945 3764 1045 3818 inlecto
1073 3765 1085 3828 ll
1115 3768 1142 3814 lt
1160 3764 1242 3814 satis-

157 3840 334 3891 dareeodtces
363 3840 375 3904 ΙΙ
404 3839 473 3890 datis
487 3837 669 3900 mandunt
707 3836 718 3900 ΙΙ
757 3841 787 3886 tt
806 3839 837 3887 ut
848 3837 967 3896 dett.‚ut
977 3848 1009 3885 ea
1023 3836 1060 3894 ll,
1074 3837 1104 3884 ut
1116 3831 1202 3884 hcet
1231 3831 1242 3896 tl

160 3911 191 3958 tt
211 3909 366 3960 cuieodteos
404 3908 415 3972 tl
454 3911 484 3956 rt
505 3919 582 3958 acm.
598 3907 628 3956 u
663 3905 674 3968 ll
711 3908 795 3956 matre
809 3907 846 3966 M,
860 3904 968 3970 patret
1008 3903 1020 3966 lt
1062 3907 1092 3951 ts
1110 3901 1241 3952 uidentur

158 3979 231 4038 dett,
244 3977 354 4028 uidetur
366 3978 403 4037 Μ,
416 3975 577 4028 uideaturt
606 3974 617 4038 ΙΙ
648 3978 679 4024 49
697 3973 742 4024 nel
754 3987 809 4025 non
821 3973 891 4024 trad.
904 3986 954 4022 om.
969 3973 999 4024 ll
1031 3971 1042 4035 ΙΙ
1081 3975 1108 4020 at
1131 3971 1241 4022 teneant

158 4046 189 4108 t,
204 4047 342 4108 teneatis,
360 4049 467 4096 teneam
479 4045 664 4096 rittershusius
703 4042 714 4105 ΙΙ
754 4047 786 4092 2³
806 4041 915 4092 duobus
927 4042 1025 4094 codices
1065 4041 1076 4104 ΙΙ
1117 4043 1149 4090 to
1169 4040 1239 4090 isan

158 4115 235 4180 prior
246 4117 347 4177 scripsi,
361 4116 423 4179 quis
434 4128 469 4165 an
481 4115 559 4179 prius
571 4113 608 4175 M,
622 4113 684 4177 quis
695 4124 729 4162 an
742 4113 790 4176 qui
803 4113 908 4178 primus
921 4110 952 4162 t:
969 4114 1087 4172 aspectos
1099 4111 1177 4160 etlam
1189 4107 1244 4158 do·

157 4184 296 4234 nationem
307 4187 367 4234 onte
379 4185 515 4248 acceperit
