3066 4826
551 357 637 370 ....
684 324 740 385 121
787 354 873 368 -
1085 323 1159 377 Paul.
1174 324 1207 385 V,
1223 273 1266 372 ⁴2¹

129 513 147 572 3
167 512 293 574 *ficiose
316 531 409 594 agere
424 511 508 574 eirca
530 509 672 575 defuncti
695 511 867 574 uindictam
891 509 1072 574 conuenit*
1115 513 1148 574 Si
1164 521 1256 592 pater

168 600 224 661 uel
240 597 388 660 dominus
409 597 442 660 id
463 607 704 676 testamentum,
733 617 795 678 quo
811 599 894 660 filius
911 599 980 660 eius
1002 599 1055 659 uel
1071 617 1183 660 seruus
1199 599 1255 660 he-

169 684 265 747 redes
288 685 426 746 instituti
448 693 521 746 sunt
542 693 596 745 aut
619 684 757 763 legatum
779 693 987 764 acceperunt,
1012 683 1124 746 falsum
1145 684 1256 746 redar-

131 770 148 829 l
170 779 271 852 guant
285 789 345 832 nee
360 769 533 848 obtineant,
553 770 626 830 fisco
641 770 728 830 locus
743 779 802 832 est.
841 768 944 831 Aetati
960 770 1039 848 eius,
1059 772 1115 849 qui
1130 779 1256 832 accusat

170 865 411 934 testamentum,
439 857 543 918 sinon
566 855 721 933 obtineat,
741 857 883 916 succurri
906 855 985 917 solet
1001 857 1032 916 in
1056 854 1089 916 id
1110 855 1196 935 quod
1211 858 1254 917 ita
1275 867 1288 912 t

169 944 293 1004 amisit:
313 945 448 1004 maxime
464 943 491 1003 si
507 943 618 1004 tutoris
634 950 689 1003 aut
704 943 856 1002 curatoris
872 942 1001 1002 consilio
1016 942 1097 1002 actio
1110 943 1253 1004 instituta

118 1028 152 1086 ll
170 1031 223 1090 sit.
270 1027 388 1089 *Minor
402 1029 515 1109 uiginti
531 1030 671 1107 quinque
695 1029 786 1088 annis
802 1029 947 1088 omissam
963 1027 1181 1107 allegationem
1196 1047 1255 1108 per

132 1112 150 1171 5
170 1115 222 1175 *in
239 1115 402 1194 integrum
424 1114 630 1175 restitutionis
650 1114 802 1175 auxilium
820 1123 966 1194 repetere
988 1112 1123 1193 potest*
1166 1114 1201 1174 ln
1218 1133 1253 1175 ea

170 1201 347 1280 prouincia,
367 1218 407 1261 ex
421 1219 484 1280 qua
499 1200 572 1279 quis
587 1200 742 1279 originem
757 1198 854 1276 ducit,
873 1198 1011 1260 officium
1028 1199 1132 1260 fiscale
1148 1197 1254 1269 admi-

170 1287 306 1347 nistrare
326 1285 529 1367 prohibetur,
554 1305 593 1346 ne
615 1295 670 1347 aut
692 1287 848 1366 gratiosus
868 1294 922 1346 aut
943 1286 1153 1347 calumniosus
1168 1285 1253 1366 apud
1274 1295 1303 1340 to

133 1371 152 1429 6
172 1391 246 1434 suos
262 1391 332 1433 esse
347 1371 506 1434 uideatur.
538 1372 688 1444 Quotiens
703 1373 773 1432 sine
789 1373 974 1432 auctoritate
989 1370 1119 1432 iudicati
1134 1369 1255 1434 officia-

170 1458 218 1529 les
232 1457 367 1519 alicuius
388 1457 470 1519 bona
492 1466 644 1538 occupant
665 1457 719 1518 uel
741 1455 928 1519 describunt
946 1457 999 1518 uel
1020 1456 1081 1519 suh
1102 1456 1255 1520 obserua-

171 1544 258 1605 tione
274 1562 343 1605 esse
366 1542 501 1621 faciunt,
526 1542 610 1604 adito
632 1553 834 1624 procuratore
857 1544 973 1605 iniuria
993 1542 1202 1605 submouetur
1223 1553 1254 1605 et

171 1630 219 1691 rei
236 1629 332 1691 huius
353 1638 497 1692 auctores
513 1627 553 1690 ad
568 1629 743 1710 praefectos
764 1631 920 1709 praetorio
942 1627 1099 1709 puniendi
1121 1630 1254 1691 mittun-

133 1712 153 1774 7
170 1724 235 1777 tur.
282 1717 380 1776 litem
402 1718 435 1776 in
450 1717 623 1797 perniciem
645 1717 840 1795 priuatorum
857 1715 930 1776 fisco
951 1714 1061 1776 donari
1083 1733 1145 1776 non
1160 1734 1254 1796 opor·
1273 1723 1303 1770 ⁴5

32 1865 35 1872 ,
133 1801 153 1859 8
170 1811 217 1862 tet
232 1819 292 1864 nec
307 1801 347 1862 ab
363 1801 473 1863 eodem
497 1800 641 1863 donatam
662 1802 791 1881 suscipi.
838 1801 1060 1881 Imperatorem
1080 1801 1145 1862 litis
1160 1821 1253 1864 eausa

170 1883 322 1949 heredem
346 1888 470 1949 institui
491 1886 684 1950 inuidiosum
700 1896 764 1948 est:
790 1906 848 1948 nec
870 1887 954 1948 enim
977 1886 1190 1948 calumniandi
1207 1887 1254 1949 fa-

133 1973 151 2032 9
171 1974 321 2035 cultatem
338 1993 378 2035 ex
392 1974 560 2054 principali
582 1974 744 2034 maiestate
761 1974 829 2053 capi
844 1981 976 2052 oportet.
1023 1973 1071 2034 Ex
1085 1972 1170 2034 nuda
1187 1974 1255 2054 pol-
1273 1974 1318 2050 ὃ(

169 2060 342 2120 licitatione
357 2061 444 2120 nulla
459 2060 538 2121 actio
553 2059 711 2122 nascitur:
730 2057 865 2139 ideoque
880 2060 949 2120 eius
964 2058 1056 2135 bona,
1076 2061 1130 2139 qui
1146 2077 1180 2121 se
1196 2060 1254 2120 he-

170 2143 281 2206 redem
293 2147 515 2225 imperatorem
530 2144 687 2206 facturum
698 2163 768 2206 esse
784 2145 965 2223 iactauerat‚
983 2163 1002 2206 a
1018 2144 1091 2207 fisco
1106 2147 1254 2226 occupari
1271 2154 1303 2200 so

120 2231 153 2290 9⁸
170 2249 235 2292 non
257 2240 402 2311 possunt.
454 2231 521 2292 *Ex
542 2229 728 2311 imperfecto
750 2240 936 2293 testamento
957 2231 1059 2311 legata
1087 2231 1139 2293 uel
1161 2231 1254 2292 fidei-

169 2316 354 2381 *commissa
375 2318 598 2398 imperatorem
619 2316 782 2378 uindicare
805 2299 1056 2380 inuerecundum
1073 2326 1135 2379 est:
1163 2317 1254 2380 decet

169 2403 274 2465 *enim
289 2411 395 2464 tantae
410 2405 565 2464 maiestati
582 2421 635 2464 eas
650 2421 778 2464 seruare
795 2403 897 2484 leges,
917 2402 1033 2483 quibus
1049 2405 1118 2485 ipse
1133 2403 1254 2466 solutus

118 2480 153 2546 9¹³
170 2487 260 2552 *esse
274 2488 415 2551 uidetur.
462 2487 553 2563 Quod
568 2490 595 2550 si
611 2507 646 2550 ea
662 2487 762 2567 bona,
789 2489 962 2570 exquibus
978 2491 1148 2569 imperator
1162 2491 1253 2552 heres

169 2574 355 2637 *institutus
370 2584 428 2654 est,
447 2574 598 2637 soluendo
612 2593 674 2636 non
688 2576 761 2651 sint,
780 2594 814 2636 re
830 2585 994 2656 perspecta
1006 2577 1179 2637 consulitur
1193 2577 1254 2636 im·
1272 2583 1303 2630 2⁵

169 2661 331 2742 *peratorz
355 2659 483 2722 heredis
498 2663 583 2722 enim
599 2661 734 2722 instituti
750 2661 782 2721 in
799 2659 955 2723 adeundis
975 2663 1029 2722 uel
1045 2660 1253 2741 repudiandis

113 2746 150 2806 40
169 2746 369 2809 *huiusmodi
390 2746 622 2809 hereditatibus
643 2747 790 2808 uoluntas
805 2746 1005 2827 'exploranda
1027 2745 1109 2808 est*
1150 2748 1253 2808 Priui-

170 2834 289 2914 legium
311 2833 376 2894 fisci
400 2841 449 2894 est
470 2833 554 2895 inter
572 2851 680 2894 omnes
695 2831 867 2893 creditores
889 2834 1027 2912 primum
1050 2833 1152 2894 locum
1174 2833 1253 2893 reti·
1279 2841 1315 2896 δι’

112 2918 146 2977 44
171 2938 259 2981 nere.
307 2920 505 2998 Quicumque
526 2919 633 2980 afisoo
655 2919 856 2994 conuenitur‚
882 2937 944 2979 non
962 2937 1003 2978 ex
1025 2916 1131 2979 indice
1147 2926 1179 2978 et
1194 2937 1253 2978 ex-

171 3005 275 3086 emplo
286 3005 422 3067 alieuius
434 3006 620 3085 scripturae,
633 3003 691 3066 sed
702 3022 742 3064 ex
754 3004 932 3066 authentico
944 3002 1183 3065 conueniendus
1191 3014 1247 3082 est,
1271 3013 1301 3060 eo

172 3101 203 3152 et
215 3091 269 3170 ita,
283 3091 310 3152 si
323 3099 500 3152 contractus
512 3089 591 3152 [ides
603 3090 702 3170 possit
713 3090 836 3151 ostendi
849 3111 854 3150 :
874 3099 1015 3151 ceterum
1029 3089 1251 3151 calumniosam

170 3179 360 3258 scripturam
382 3178 447 3238 uim
463 3178 564 3238 iustae
578 3177 740 3256 petitionis
761 3176 794 3235 in
811 3175 927 3237 iudicio
941 3174 1084 3236 obtinere
1099 3194 1161 3236 non
1177 3194 1253 3236 eon-

113 3263 271 3324 leuauit.
317 3264 394 3325 Eius
409 3260 505 3340 hona,
531 3263 585 3341 qui
601 3261 710 3322 falsam
726 3271 882 3323 monetam
906 3262 1102 3342 percussisse
1123 3259 1248 3340 dieitur,

170 3435 190 3448 u*
196 3433 625 3447 ΑΜΛΛΛΛΛΛΛΛΛΛΛΛΛΛΛΛΛΛΛΛΝκΛΛ
909 3431 1200 3446 ΛΛΑΛΛΑΛΛΛΛΛΛΑΛΛΛΛΛ,
1208 3434 1217 3444 Α
1222 3435 1233 3446 μ
1239 3435 1249 3446 Α

241 3506 283 3561 li,
298 3505 327 3550 44
339 3521 371 3545 =·-
385 3503 444 3566 Dip.
460 3504 485 3562 4,
502 3503 525 3562 4,
540 3505 582 3562 36,
596 3515 662 3563 quoe
673 3503 769 3552 rectius
780 3502 892 3563 sortasse
903 3503 976 3552 titulo
989 3504 1013 3560 5,
1029 3505 1061 3549 44
1073 3503 1220 3551 restituitur
1242 3499 1252 3552 ΙΙ
1338 3543 1341 3560 ,

172 3571 506 3635 madianaeos
553 3570 564 3634 ΙΙ
612 3571 1203 3633 44,9ίηάοαυ.49θίυεεῦίᾳ.48,4,34
1242 3565 1252 3634 ll

171 3639 479 3758 12,²9⁸=th.32‚23
516 3637 527 3702 ΙΙ
563 3635 896 3704 ta,eb=1)tq.t,to,a
934 3639 945 3701 14
985 3638 1250 3702 li‚tl=Dt9.22,

189 3746 196 3770 4

171 3828 222 3841 m
595 3825 845 3840 AMAANvaxAtvvm

240 3933 254 3980 ⁸
273 3927 358 3993 cote§
372 3935 384 3978 t
399 3932 497 3981 codices
508 3932 640 3981 metricam
652 3930 686 3981 de
699 3929 759 3980 fisci
771 3930 906 3980 aduocato
918 3932 1038 3978 insercuit
1070 3928 1082 3990 11
1121 3932 1151 3978 44
1170 3943 1251 3994 prae-

170 3997 240 4049 lecto
254 4000 290 4061 Μ,
304 3999 491 4064 praefectust
518 3998 530 4062 41
562 4003 592 4048 46
611 3999 821 4049 donatacodices
849 3997 860 4062 11
891 4002 920 4047 44
941 4010 992 4047 neo
1006 3997 1143 4048 calumnia
1157 3999 1226 4062 Dip..
1241 3997 1252 4062 ll

172 4071 203 4117 49
222 4069 346 4132 imperat.
361 4067 422 4119 lact.
437 4068 565 4118 heredem
579 4069 638 4131 Dia.
670 4067 681 4131 ΙΙ
711 4070 738 4117 at
761 4068 835 4117 etita
848 4067 908 4130 Dia.
924 4068 1063 4116 secundum
1077 4067 1199 4128 Graecos,
1215 4068 1251 4116 lta

171 4137 231 4200 Dip.
247 4137 276 4196 F,
290 4139 317 4186 et
328 4139 426 4188 codices
443 4137 579 4201 Wisigothi
607 4137 618 4200 14
648 4140 680 4184 32
698 4138 785 4187 iustae
797 4139 851 4201 pet.
866 4149 915 4186 om.
931 4136 989 4199 Dip.
