3066 4826
1047 357 1121 407 Paul.
1134 357 1167 417 V,
1182 353 1220 406 th.
1236 359 1250 404 6

129 670 142 727 4
255 661 415 745 *Pupillus
431 665 535 726 sinon
552 662 756 743 defendatur,
782 665 813 725 in
830 665 1026 746 possessione
1043 663 1252 730 creditoribus

166 751 366 813 *constitutis
388 750 563 812 minoribus
584 770 623 813 ex
644 751 693 812 his
715 769 816 830 usque
831 749 881 812 ad
886 749 1087 830 pubertatem
1102 751 1251 812 alimenta
1326 755 1336 778 ⁶

128 843 148 898 ’4
167 835 376 918 *praestanda
398 846 482 898 sunt.
528 837 605 899 Eius
625 838 680 918 qui
697 835 736 898 ab
751 835 894 897 hostibus
909 845 1019 917 captus
1036 845 1083 898 est
1096 835 1177 897 bona
1192 856 1251 898 ue-

169 921 258 984 *nire
274 942 337 984 non
352 932 493 1004 possunt,
514 922 665 1002 quamdiu
682 920 893 984 reuertatur.*
1270 933 1284 978 s

541 1111 580 1190 [vr
624 1129 661 1171 nn
685 1109 880 1193 rursrnrcrrs]

67 1239 70 1244 '
122 1237 152 1289 ta
255 1228 382 1309 *Neque
398 1231 481 1290 muri
497 1248 601 1310 neque
623 1239 733 1310 portae
750 1229 885 1291 habitari
904 1229 973 1291 sine
988 1229 1147 1309 permissu
1161 1230 1254 1309 prin-

118 1314 152 1379 ib
168 1316 269 1396 *cipis
289 1325 420 1396 propter
442 1314 569 1377 fortuita
592 1315 736 1377 incendia
757 1325 900 1397 possunt.
948 1314 1083 1376 Concedi
1099 1315 1193 1393 solet,
1218 1323 1254 1376 ut

169 1403 344 1481 *imagines
360 1411 391 1462 et
406 1411 544 1479 statuae,
570 1421 652 1482 quae
674 1411 854 1463 ornamento
869 1401 915 1462 rei
937 1400 1083 1480 publicae
1105 1409 1181 1462 sunt
1202 1399 1255 1462 fu-

134 1493 146 1550 4
169 1488 290 1566 *curae
306 1488 339 1547 in
350 1487 512 1566 publicum
523 1493 712 1567 ponantur!
733 1485 928 1549 Retinendae
940 1487 1146 1567 possessionis
1156 1487 1255 1566 gratia
1274 1497 1304 1543 44

172 1583 351 1654 comparata
367 1582 441 1634 sunt
457 1572 639 1652 interdicta,
658 1593 717 1654 per
731 1592 812 1653 quae
828 1591 897 1634 eam
914 1573 1143 1653 possessionem
1159 1591 1254 1652 quem

172 1661 236 1722 iam
260 1657 412 1720 habemus
435 1659 572 1720 retinere
595 1660 758 1735 uolumus,
782 1660 876 1739 quale
900 1667 948 1720 ost
969 1677 1016 1719 vrr
1034 1677 1198 1720 rossmnrrs
1213 1657 1254 1720 de

172 1745 271 1807 rebus
287 1745 344 1805 soli
361 1754 392 1806 et
406 1763 511 1807 rrnrnr
527 1744 566 1806 de
584 1763 618 1806 re
635 1745 755 1806 mobili.
792 1754 823 1805 et
839 1746 870 1805 in
886 1745 992 1825 priore
1009 1744 1138 1824 quidem
1155 1745 1182 1804 is
1197 1763 1255 1824 po-

172 1833 235 1893 tior
250 1841 313 1908 est,
340 1832 395 1910 qui
416 1830 532 1892 redditi
556 1829 716 1892 interdicti
732 1841 873 1911 tempore
894 1848 954 1892 nec
968 1831 1002 1892 ui
1026 1849 1085 1891 nec
1100 1831 1180 1890 clam
1196 1847 1255 1890 neo

172 1919 317 1998 precario
333 1915 372 1978 ab
388 1915 571 1978 aduersario
586 1915 743 1998 possedit:
762 1919 796 1977 in
811 1917 909 1988 altero
924 1933 1002 1978 uero
1017 1917 1121 1997 potior
1136 1926 1184 1976 est
1199 1915 1254 1996 qui
1275 1928 1304 1973 te

173 2006 292 2064 maiore
309 2011 398 2082 parte
419 2003 495 2064 anni
515 2012 687 2064 retrorsum
709 2004 866 2064 numerati
889 2003 996 2064 necui
1019 2019 1079 2063 nec
1101 2001 1180 2064 olam
1196 2020 1255 2062 nec

131 2093 153 2153 2
172 2089 317 2170 precario
338 2087 489 2169 possedit.
536 2089 576 2149 Vt
597 2088 818 2167 interdictum,
843 2089 886 2150 ita
909 2097 941 2149 et
955 2088 1034 2149 actio
1054 2088 1250 2168 proponitur,

172 2195 215 2236 ne
231 2175 305 2255 quis
319 2173 372 2235 uia
386 2173 513 2255 publica
533 2175 671 2255 aliquem
686 2173 864 2256 prohibeat.
910 2176 1001 2236 cuius
1016 2175 1063 2234 rei
1078 2171 1255 2235 sollicitudo

79 2279 81 2282 ·
172 2261 216 2323 ad
229 2262 356 2322 uiarum
371 2269 531 2321 curatores
546 2262 696 2341 pertinet,
717 2279 735 2322 a
750 2277 884 2340 quarum
899 2261 1075 2321 munitione
1091 2278 1184 2320 nemo
1199 2272 1255 2321 ex·

174 2355 288 2427 ceptus
304 2355 362 2408 est.
409 2347 435 2407 si
458 2346 530 2425 quis
545 2355 650 2408 umen
665 2347 698 2408 in
721 2365 758 2408 ea
780 2346 902 2426 aliquid
918 2343 1024 2427 operis
1040 2345 1168 2424 iecerit,
1194 2364 1255 2425 quo
1275 2357 1305 2402 4ο

131 2437 153 2496 3
173 2442 386 2496 commeantes
402 2432 626 2512 impediantur,
645 2430 794 2494 demolito
809 2451 905 2513 opere
921 2431 1157 2494 condemnatur.
1190 2431 1255 2492 Non

173 2529 298 2580 tantum
313 2519 340 2579 si
355 2519 424 2598 ipse
440 2517 585 2580 dominus
600 2519 797 2599 possessione
813 2517 941 2597 deiciat,
960 2519 1038 2580 utile
1054 2516 1256 2579 interdictum

74 2659 76 2663 .
174 2614 240 2682 est,
260 2603 427 2666 sedetiam
444 2605 471 2664 si
486 2603 603 2665 familia
619 2604 698 2665 eius.
745 2603 881 2665 familiae
897 2613 1002 2666 autem
1018 2606 1144 2664 nomine
1162 2605 1255 2664 etiam

134 2694 154 2753 4
174 2690 238 2752 duo
253 2690 339 2751 serui
356 2691 566 2751 continentur.
612 2689 650 2752 Vi
665 2689 802 2752 deicitur
817 2707 879 2751 non
894 2699 1016 2751 tantum
1032 2690 1094 2769 qui·
1104 2707 1256 2769 oppressu

176 2775 388 2838 multitudinis
403 2785 458 2837 aut
474 2774 605 2838 fustium
628 2785 683 2836 aut
697 2777 832 2837 telorum
846 2786 900 2838 aut
916 2792 1074 2837 armorum
1090 2783 1177 2836 metu
1191 2783 1257 2835 ter·
1275 2783 1306 2829 2⁵

174 2871 282 2941 retur,
300 2860 403 2934 sedet
419 2863 515 2942 isqui
531 2861 701 2922 uiolentiae
717 2861 863 2943 opinione
886 2870 1046 2942 comperta
1061 2860 1255 2940 possessione

133 2950 155 3010 5
175 2949 288 3026 cessit,
307 2948 334 3008 si
350 2956 457 3008 tamen
473 2965 542 3010 eam
557 2947 760 3009 aduersarius
782 2949 944 3027 ingressus
966 2949 1018 3008 sit.
1064 2947 1108 3006 De
1132 2945 1207 3008 naui
1223 2945 1256 3006 ui

174 3033 319 3096 deiectus
335 3033 393 3094 hoc
407 3032 573 3094 interdicto
585 3034 724 3114 experiri
740 3051 802 3094 non
818 3036 940 3113 potest:
959 3031 1017 3094 sed
1033 3031 1118 3093 utilis
1133 3032 1163 3092 ei
1177 3032 1256 3092 actio

174 3119 215 3182 de
233 3117 330 3182 rebus
349 3117 576 3200 recuperandis
590 3119 735 3200 exemplo
750 3119 784 3180 ui
806 3117 959 3180 bonorum
975 3127 1135 3198 raptorum
1150 3115 1254 3178 datur.

178 3272 232 3288 WV

247 3345 278 3392 tta
291 3361 322 3386 ε.-
337 3341 397 3405 Dip,
413 3343 453 3402 ta,
470 3345 494 3402 5,
510 3344 541 3390 39
560 3345 607 3398 (σω
619 3343 667 3403 tis,
684 3354 737 3390 noa
749 3355 783 3390 ee
796 3341 871 3390 Poeta·
883 3341 969 3408 atiquo
980 3341 1065 3389 codiee
1076 3340 1144 3393 tuno
1154 3339 1258 3389 titulum

175 3412 295 3460 hausisse
309 3412 546 3472 emendationesque
557 3411 585 3460 io
600 3409 699 3461 Cotocii
713 3411 819 3460 obsera.
833 3412 874 3472 at,
887 3412 916 3456 tt
931 3410 1121 3472 commendatos
1132 3409 1258 3469 recepisse

174 3480 299 3611 gdiprepp
313 3478 914 3611 GseoppemessppassgpprspeeitMonaesen)
955 3477 965 3541 ΙΙ
1013 3481 1038 3538 t,
1054 3477 1198 3539 ⁴⁸:959.
1214 3477 1255 3536 43,

196 3584 202 3606 i
346 3584 352 3606 4
409 3579 441 3590 ““
508 3584 514 3596 ’
566 3585 572 3607 t
605 3584 612 3608 t

247 3753 385 3817 spupiiio
403 3753 485 3803 editor
498 3752 705 3813 Geoeueasisat.
720 3752 756 3811 s.)
785 3750 796 3812 44
824 3748 1006 3814 possessione]
1021 3750 1194 3813 possessione
1206 3746 1258 3798 bo·

178 3833 278 3872 norum
292 3821 389 3872 Genea.
420 3821 431 3882 44
461 3820 640 3871 tminoribus
650 3819 679 3880 F,
693 3831 743 3869 om.
757 3818 1014 3870 senecsbonorum
1023 3819 1083 3867 eius
1092 3818 1235 3868 Mommsen
1250 3813 1261 3884 ΙΙ

177 3891 402 3940 cornamento?
422 3888 433 3953 11
459 3894 488 3938 te
503 3889 624 3953 possedit
635 3890 665 3949 t,
679 3887 833 3953 possidetur
845 3887 882 3947 Μ,
895 3886 1018 3952 possidet
1028 3888 1089 3936 dett.
1114 3885 1126 3949 14
1151 3887 1182 3933 ta
1195 3897 1260 3950 per-

177 3961 254 4009 tinet.
275 3957 428 4009 abutarum
444 3959 560 4008 Huschke
597 3959 608 4022 ΙΙ
649 3961 675 4005 at
693 3954 952 4020 eote§³rutrioom
963 3955 997 4005 de
1010 3955 1154 4004 interdicto
1165 3954 1259 4004 utrubi

182 4030 282 4090 (utrum
294 4030 322 4077 ui
336 4027 364 4090 L)
380 4029 477 4078 corticea
488 4029 607 4077 inserunt
636 4025 646 4088 11
676 4027 708 4074 it
721 4023 902 4088 possessione]
916 4026 1087 4089 possessione
1099 4023 1224 4073 utrnuit
1251 4020 1261 4090 ΙΙ

177 4097 277 4146 deiciat
293 4097 421 4154 Cuiaoius,
437 4096 681 4146 deiciatur-codices
720 4093 731 4156 ΙΙ
772 4095 803 4142 it
818 4093 1009 4158 oppressum
1046 4091 1058 4154 ΙΙ
1098 4095 1131 4141 25
1144 4094 1261 4142 terretur

179 4167 217 4226 M,
231 4165 374 4216 territusL
414 4164 425 4228 11
467 4163 857 4224 ateamdett.‚eaL,om.M
895 4161 906 4226 ΙΙ
948 4161 1202 4222 2944444ουί44

1016 4245 1054 4296 81
