3028 4830
520 355 606 367 .-
649 323 689 384 79
733 357 818 366 -.
1041 322 1115 372 Paul.
1131 323 1162 381 44,
1178 325 1208 372 st

71 510 106 570 43
126 518 158 572 44
173 509 308 586 4444444,
334 528 407 572 eum
430 527 556 590 quoque
580 508 654 572 444444
671 511 792 572 4444444
815 512 917 573 teneri
940 511 1082 591 placuit]
1123 512 1209 572 Furti

126 593 286 658 manifesti
302 597 381 657 actio
396 605 522 676 praeter
537 594 709 676 quadrupli
729 616 863 677 poenam
880 597 980 676 ipsius
997 597 1043 658 rei
1058 615 1211 676 persecu-

72 682 246 742 titionem
267 700 385 761 genere
406 680 630 744 uindicetionis
653 691 685 744 et
706 681 913 744 condictionis
934 684 1083 744 continet.
1123 683 1210 744 Furti
1274 685 1277 690 '

126 768 269 847 concepti
289 768 369 830 actio
392 765 563 830 induersus
585 787 657 830 eum
681 769 737 848 qui
752 767 868 830 obtulit
888 769 974 848 tripli
999 777 1046 830 est
1061 786 1164 848 poena
1179 779 1210 830 et

72 853 107 911 45
126 853 228 933 ipsius
249 853 295 914 rei
317 853 475 932 repetitio.
518 855 605 923 Furti
629 872 828 934 quocumque
851 873 968 935 genere
984 853 1211 916 condemnatus
1229 865 1243 910 4

72 939 107 998 46
125 937 265 1000 famosus
286 937 432 1000 efficitur.
473 940 697 1019 Quaecumque
714 941 746 1001 in
770 959 912 1021 caupona
926 940 979 1001 uei
996 941 1027 1000 in
1048 940 1210 1002 meritorio

125 1023 251 1086 stabulo
280 1023 495 1086 diuersorioue
524 1026 694 1106 perierint,
721 1027 754 1087 in
782 1027 972 1088 exercitores
998 1045 1105 1088 eorum
1133 1024 1209 1086 44444

72 1109 107 1170 47
125 1113 206 1172 44444
229 1112 388 1191 competit.
429 1109 481 1172 *Si
503 1130 555 1173 res
581 1110 714 1174 uendite
736 1121 808 1174 ante
830 1111 1031 1174 traditionem
1057 1111 1209 1192 subrepta

125 1196 195 1274 *444
216 1207 338 1276 emptor
353 1205 384 1258 et
400 1196 548 1260 uenditor
562 1196 637 1259 furti
653 1216 746 1278 agere
761 1206 911 1278 possunt:
937 1199 1106 1278 utriusque
1123 1200 1208 1259 enim

70 1283 106 1341 i8
124 1281 279 1344 *interest
295 1301 362 1343 rem
377 1282 460 1346 tradi
477 1283 529 1344 uel
543 1281 680 1345 tradere.
707 1284 740 1345 Si
757 1283 835 1364 quid
850 1285 883 1346 in
898 1303 980 1346 4444
998 1293 1106 1346 444444
1121 1285 1209 1364 peri·
1229 1295 1258 1340 44

70 1369 105 1427 49
125 1367 222 1447 *erit,
248 1367 323 1431 44444
340 1370 419 1430 44444
441 1370 474 1429 44
490 1371 698 1431 exercitorem
714 1371 806 1432 nauis
828 1367 954 1432 datur*
990 1371 1066 1432 Rem
1082 1371 1208 1450 pignori

123 1454 230 1516 datam
252 1453 377 1516 debitor
397 1454 546 1516 creditori
566 1455 781 1518 subtrahendo
804 1455 923 1518 furtum
946 1454 1037 1518 iacit:
1064 1474 1157 1536 quam
1181 1459 1208 1517 si

67 1541 104 1600 40
124 1541 241 1620 etipse
258 1539 403 1602 similiter
418 1542 567 1620 amiserit,
587 1561 643 1604 suo
659 1543 786 1604 nomine
803 1543 953 1622 persequi
968 1551 1082 1622 potest.
1120 1543 1210 1603 Pater

123 1625 177 1688 uel
193 1625 340 1688 dominus
356 1625 396 1688 de
413 1645 449 1690 44
465 1647 517 1704 44,
543 1646 625 1707 quae
641 1627 704 1689 filio
727 1627 862 1690 familias
877 1628 931 1690 uel
946 1647 1040 1690 seruo
1055 1627 1206 1708 subrepta

122 1720 187 1791 est,
214 1711 291 1774 furti
313 1731 407 1793 agere
429 1722 547 1792 potest:
577 1715 711 1776 interest
733 1714 819 1776 euim
842 1714 872 1775 ei
894 1713 1015 1776 deferri
1037 1715 1204 1793 actionem,
1228 1724 1257 1769 44

66 1799 99 1858 44
122 1799 178 1877 qui
194 1798 235 1860 de
258 1799 380 1878 peculio
397 1800 593 1860 conuenitur.
634 1801 667 1862 Si
684 1819 768 1878 rem,
789 1819 883 1880 quarn
899 1799 958 1861 tibi
975 1799 1203 1877 commendaui,

122 1893 234 1964 postea
255 1883 417 1964 subripui,
445 1883 520 1946 44444
543 1885 621 1946 44444
643 1895 823 1966 competere
840 1885 898 1948 tibi
923 1904 986 1948 non
1002 1887 1133 1966 poterit:
1161 1889 1207 1948 rei
1252 1892 1254 1896 ’

66 1971 104 2032 44
123 1971 210 2031 enim
239 1980 364 2032 nostrae
390 1969 509 2032 furtum
538 1969 640 2032 iacere
668 1975 739 2032 non
761 1991 939 2052 possumus.
985 1970 1065 2045 *Qui
1087 1970 1206 2033 4444444

122 2054 345 2136 *quaesiturus
357 2065 416 2134 est,
434 2066 604 2138 antequam
616 2066 758 2137 quaerat,
778 2057 874 2119 debet
886 2056 1004 2137 dicere,
1019 2056 1098 2138 quid
1109 2077 1208 2138 quae·
1249 2058 1250 2062 ’

65 2144 102 2203 43
122 2141 201 2220 *rat,
221 2151 253 2203 et
268 2161 336 2203 rem
352 2161 408 2204 suo
424 2145 551 2205 nomine
572 2153 604 2205 44
619 2162 677 2206 444
698 2145 805 2224 specie
827 2142 1028 2224 designare*
1065 2145 1116 2222 Si,
1136 2163 1205 2205 4444
1227 2156 1257 2200 44

123 2227 241 2290 furtum
258 2229 330 2308 quis
346 2229 488 2308 quaerit,
508 2227 659 2291 damnum
679 2230 815 2291 iniuriae
831 2229 972 2308 dederit,
992 2231 1113 2292 actione
1130 2230 1208 2309 legis
1247 2249 1251 2262 ·

28 2313 269 2395 ii(25]Aquiliae
285 2313 457 2376 tenebitur.
482 2315 558 2376 8444
574 2333 664 2395 seges
680 2335 739 2396 per
755 2316 874 2377 furtum
893 2317 961 2379 siue
979 2315 1139 2396 quaelibet
1155 2336 1208 2378 ar-

122 2399 219 2461 bores
230 2419 341 2462 caesae
353 2403 426 2478 sint,
446 2403 478 2462 in
491 2401 623 2481 duplum
636 2403 704 2463 eius
716 2403 762 2464 rei
779 2403 905 2463 nomine
918 2421 992 2464 reus
1004 2404 1203 2464 conuenitur.

29 2485 172 2567 45444404)
184 2485 337 2548 indicium
350 2487 641 2568 comprehendendi
658 2487 737 2550 iuris
748 2489 924 2568 praemium
935 2489 1124 2568 promissum
1137 2491 1206 2550 iure

66 2574 103 2633 46
121 2571 270 2634 debetur.
310 2572 362 2634 *si
377 2591 505 2634 seruum
520 2593 719 2635 communem
733 2574 805 2654 quis
822 2574 943 2636 iuratus
958 2575 1009 2652 sit,
1028 2576 1110 2636 socio
1127 2593 1206 2654 qno-
1226 2587 1257 2632 es

66 2655 103 2719 47
121 2655 206 2738 *que
229 2659 309 2720 actio
331 2657 407 2720 furti
431 2658 570 2721 dabitur.
616 2660 677 2732 Qui
704 2679 762 2740 pro
784 2658 934 2721 derelicto
961 2679 1027 2721 rem
1050 2661 1204 2722 iacentem

120 2743 317 2824 *occupauit
337 2743 455 2806 furtum
467 2764 531 2806 non
544 2746 719 2824 committit,
737 2747 861 2806 tametsi
873 2766 891 2808 4
902 2744 1028 2807 domino
1039 2765 1100 2806 non
1112 2745 1206 2808 dere-

65 2831 103 2890 48
120 2828 309 2910 *linquendi
325 2833 428 2893 animo
440 2832 550 2894 relicta
564 2833 615 2893 sit.
640 2832 673 2913 Si
688 2851 801 2893 seruus
814 2830 933 2893 furtum
945 2831 1052 2893 4444444
1064 2851 1135 2894 cum
1150 2831 1207 2892 do-

121 2915 227 2976 *mino
237 2962 245 2994 ,
270 2926 397 2996 praeter
418 2919 465 2978 rei
481 2916 710 2978 condictionem
727 2916 803 2979 furti
819 2917 899 2979 actio
914 2920 947 2978 in
970 2917 1131 2979 dominum
1148 2917 1205 2980 da·

66 3003 102 3062 49
121 3001 204 3063 *tun
246 3002 332 3063 Fullo
354 3011 385 3063 et
400 3003 588 3080 sarcinator,
614 3005 671 3084 qni
685 3002 834 3084 polienda
849 3005 901 3066 uel
922 3002 1088 3066 sarcienda
1103 3005 1204 3065 uesti—
1221 3017 1253 3061 44

121 3087 249 3150 *menta
265 3089 401 3169 accepit,
426 3091 453 3150 si
474 3088 554 3150 forte
571 3090 621 3150 his
635 3097 758 3167 utatur,
780 3108 819 3150 ex
835 3090 1077 3151 contrectatione
1093 3108 1202 3151 eorum

120 3276 425 3290 ᾺΛΛΛΛΛΛΛΛΛΑᾺΛΛΛΛΑΑΙ
434 3276 542 3289 nnssrrsplt
563 3277 654 3288 ssrrwwxss
676 3277 760 3289 firmum)
772 3278 792 3288 sir
804 3278 841 3289 sm!
852 3279 857 3289 r
897 3277 1115 3290 uxr-tvmtvmtmtxrirr
1126 3278 1144 3286 ῆι

191 3383 234 3440 44,
251 3383 326 3428 ⁴5=
343 3377 486 3438 0444444445,
502 3383 551 3440 5,4
591 3379 603 3442 ΙΙ
638 3384 680 3441 et,
697 3385 737 3428 44.
754 3381 832 3430 4844
849 3381 981 3430 Vesontino
996 3383 1109 3432 restituit
1124 3382 1203 3433 Cuia-

118 3449 237 3498 ciusi.c.
269 3447 280 3510 ΙΙ
310 3451 572 3506 34,44.46-4844
589 3449 1040 3500 VesontinorestituitCuiociusl.o.
1072 3450 1082 3512 ΙΙ
1113 3454 1201 3510 3449

120 3520 184 3566 -34
202 3537 234 3559 =
249 3516 309 3580 Dip.
324 3519 366 3576 44,
381 3521 406 3577 t,
421 3520 451 3566 83
463 3531 505 3579 pr.
527 3515 539 3582 4
554 3523 577 3568 4.
592 3522 621 3568 2:
647 3518 768 3569 Cuiccius
786 3531 831 3567 ecs
848 3519 894 3568 noc
908 3520 962 3568 tooo
973 3521 1001 3568 in
1017 3520 1149 3568 Vesontino
1160 3522 1201 3568 in-

117 3588 200 3644 uenit,
215 3590 329 3635 attamen
341 3587 368 3634 in
379 3588 543 3636 restituendis
556 3589 593 3636 eis
604 3600 655 3636 non
666 3589 770 3637 uidetur
781 3589 833 3636 nisi
846 3587 957 3650 Dipesiis
968 3601 1032 3636 usus
1044 3601 1099 3637 esse

205 3738 554 3752 AAAAMAstMnAnnflt-vinnn
560 3739 948 3753 nt-flftlwtvvvsnnnm*NssMAMssss
953 3741 1162 3754 svvxsstmnnfvmflrt
1174 3742 1186 3753 Α

189 3864 204 3907 4
225 3859 369 3923 quadrupli
382 3873 496 3922 poenam
510 3863 615 3924 praeter
628 3860 744 3909 Huschke
779 3860 789 3923 ΙΙ
826 3863 837 3907 t
859 3861 993 3924 concepti]
1012 3863 1153 3910 secundum
1172 3875 1202 3911 44

118 3941 186 3988 quoe
198 3933 342 3988 sequuntur
354 3933 378 3977 et
392 3929 631 3989 interpretationem
642 3933 760 3988 repectu
778 3928 871 3978 oblati:
892 3930 970 3978 iatius
983 3934 1070 3979 tomen
1081 3933 1202 3980 mendum

119 3997 202 4045 intere
214 3998 305 4046 succiet
315 3999 397 4057 ipsius
410 3999 448 4045 rei
460 3999 586 4057 repetitio,
606 4009 671 4057 quae
683 4010 735 4044 non
744 4002 828 4059 potest
841 4000 864 4046 ei
875 4002 1025 4058 conpetere,
1045 4000 1115 4060 opud
1127 4013 1202 4060 quern

116 4064 219 4125 furtum
231 4070 379 4126 conceptum
390 4069 428 4114 cst
456 4065 467 4126 14
499 4064 675 4114 5444444444
690 4063 752 4114 Coti.
784 4065 794 4127 ΙΙ
825 4069 855 4113 44
876 4079 992 4117 nonem.
1011 4067 1161 4117 Vesontinus
1192 4064 1202 4134 ΙΙ

120 4136 152 4181 48
173 4134 267 4182 4444444
279 4135 314 4182 444
326 4135 389 4183 duce
403 4133 530 4182 4444444444
542 4135 702 4194 scripsimus,
717 4135 839 4184 relictam
857 4135 1006 4185 Vesontinus
