3028 4830
524 296 852 404 -ἰι-έ

129 543 205 594 ante
224 533 252 611 l,
272 532 301 611 7,
322 535 352 594 l.
372 533 402 612 2,
424 531 498 612 t,5.
518 533 547 610 ἓ,
568 533 597 604 5,
614 531 643 592 3.
664 532 695 608 ἲ,
716 531 765 610 ts,
783 532 811 592 l.
831 531 861 610 3,
881 530 911 608 t,
930 531 992 594 ⁴2⁸.
1012 530 1042 608 3,
1061 529 1091 606 5,
1111 529 1160 588 li.
1179 527 1210 604 ὅ,

130 621 185 698 22,
204 621 241 681 2:
266 629 431 698 praeterea
443 618 689 698 wisigothorum
704 617 797 698 culpa
812 618 960 678 ellectum
973 625 1037 694 est,
1055 625 1091 678 ut
1106 612 1216 678 rubri-

129 724 186 766 cae
210 706 246 783 2,
266 705 306 765 30
323 714 354 766 et
370 708 407 783 5,
428 705 483 782 lb,
509 722 590 784 quae
611 703 768 782 genuinae
791 721 859 764 esse
880 701 1059 776 uidentur,
1078 701 1110 762 in
1133 702 1214 780 Lege

129 792 270 852 Romana
286 791 453 852 sententiis
468 790 569 851 alieno
584 808 713 869 prorsus
724 797 911 868 argumento
928 786 1105 867 insignibus
1119 804 1215 868 prae-

131 878 347 938 mitterentur.
378 894 459 956 quae
480 895 552 938 curn
574 876 617 936 ita
639 876 702 936 sint
723 893 830 955 neque
845 875 979 954 pristina
994 873 1079 935 Pauli
1099 871 1214 934 diuisio

130 972 218 1024 certo
242 962 364 1024 restitui
379 963 494 1042 possit,
519 969 650 1040 propter
664 959 821 1040 allegandi
841 961 1010 1022 utilitatem
1026 977 1095 1020 eam
1115 957 1216 1020 libro-

131 1067 202 1110 rum
227 1049 260 1108 in
276 1048 383 1110 titulos
399 1045 605 1122 diuisionem,
624 1065 704 1125 quae
715 1047 882 1126 ⁴hucusque
898 1065 956 1126 per
972 1044 1126 1107 editiones
1140 1063 1215 1124 pro-

130 1144 245 1214 pagata
256 1143 314 1212 est,
333 1134 539 1196 retinuimus:
558 1131 757 1194 rubricarum
769 1150 850 1212 quae
863 1130 1094 1193 interciderunt
1105 1129 1213 1192 sedem

130 1239 232 1282 uacuo
252 1221 351 1300 spatio
375 1218 585 1281 indicauimus
607 1237 712 1298 neque
735 1237 862 1297 earum,
889 1237 968 1298 quas
989 1216 1125 1281 editores
1139 1233 1222 1296 pro-⁴

131 1308 202 1387 prio
217 1307 315 1367 Marte
331 1307 546 1384 restituerant,
564 1305 626 1365 nisi
641 1323 811 1366 numerum
827 1305 1036 1366 seruauimus.

220 1390 309 1464 Quod
326 1390 366 1452 ad
382 1389 621 1454 fundamentum
639 1391 782 1451 criticum
799 1390 928 1468 attinet,
947 1408 1009 1469 quo
1025 1389 1103 1450 haec
1118 1387 1215 1450 editio

131 1479 262 1539 nititur:
300 1478 391 1556 Legis
412 1476 541 1576 quidem
568 1477 723 1538 Romanae
745 1477 878 1556 Wisigot
866 1477 992 1536 thorum
1020 1494 1090 1536 cum
1119 1473 1215 1536 editio

131 1572 287 1644 apparatu
303 1564 409 1624 critico
425 1563 578 1624 instructa
589 1581 651 1623 non
668 1571 763 1640 extet,
782 1561 822 1624 ad
838 1563 923 1624 bunc
938 1559 1096 1633 defectum
1114 1578 1217 1620 remo-

130 1648 276 1711 nendum
291 1668 331 1710 ne
354 1649 407 1712 illa
423 1647 553 1728 quidem
574 1648 718 1728 supellex
733 1649 842 1710 critica
864 1646 997 1726 sufficit,
1022 1665 1117 1750 quam
1133 1647 1216 1706 llae-
1266 1643 1287 1658 ”

131 1735 184 1796 nel
200 1734 242 1796 ad
252 1721 397 1796 Arndtsii
410 1733 582 1796 editionem
598 1735 753 1813 congessit
763 1734 850 1814 1),”ιιι
863 1752 925 1832 qua
936 1743 981 1794 tot
992 1751 1118 1794 errores
1131 1750 1217 1794 oom-

132 1823 223 1882 missi
239 1831 270 1883 et
284 1830 330 1882 tot
345 1821 494 1882 lectiones
506 1819 546 1880 ab
558 1819 701 1881 Arndtsii
713 1829 802 1882 textu
813 1819 974 1882 uariantes
985 1819 1117 1880 omissae
1129 1826 1213 1895 sunt,

132 1917 168 1969 ut
180 1906 221 1968 de
233 1906 334 1968 fide
307 1926 376 1968 erus
387 1906 592 1986 supellectilis
604 1925 717 1986 parum
729 1913 859 1968 constet.
883 1907 989 1984 itaque
1001 1903 1041 1966 ad
1053 1905 1135 1966 hanc
1147 1903 1217 1966 edi-

132 1994 229 2054 tionis
244 2003 367 2073 partem
382 2011 499 2054 nouum
516 1991 758 2054 fundamentum
774 1991 951 2053 iaciendum
968 2000 1046 2052 erat.
1083 2000 1114 2052 et
1128 2001 1217 2070 post-

133 2098 230 2158 quam
238 2077 927 2157 CodicisTheodosianiEpitomaWisigothica
941 2076 1070 2138 edoctus
1082 2095 1151 2138 sum
1158 2079 1217 2136 Le-

134 2166 182 2245 gis
191 2166 347 2226 Romanae
360 2163 483 2226 codioes
492 2165 524 2224 in
533 2162 612 2226 duas
620 2162 920 2242 classesdiscedere,
933 2165 966 2224 in
975 2181 1109 2242 quarum
1119 2163 1217 2223 altera

133 2249 236 2312 codex
249 2251 443 2312 Monacensis
464 2251 490 2309 D
506 2251 525 2310 2
548 2248 706 2330 [nobile
726 2249 842 2311 saeculi
866 2248 932 2310 lere
948 2249 999 2310 Vll
1016 2259 1047 2310 et
1068 2258 1170 2310 aetate
1187 2258 1217 2308 et

133 2337 317 2416 integritate
332 2337 470 2416 primurn
491 2336 593 2397 locum
608 2335 744 2412 obtinet,
769 2336 799 2395 in
817 2335 916 2396 altera
932 2335 1119 2396 Parisiensis
1135 2335 1216 2396 tlte

138 2421 241 2502 [nobis
251 2421 285 2502 t)
305 2422 423 2484 saeculi
434 2423 499 2482 Vlll
514 2421 567 2483 uel
579 2423 629 2499 lX,
649 2421 689 2482 ad
705 2421 761 2482 hos
777 2421 855 2484 duos
871 2420 995 2483 codices
1010 2441 1028 2482 a
1043 2441 1093 2482 me
1106 2439 1219 2482 excus-

132 2507 214 2588 sos2)
235 2508 320 2570 Pauli
332 2507 527 2586 Wisigothici
544 2517 725 2568 contextum
741 2506 809 2568 fere
825 2508 966 2569 restitui:
986 2517 1117 2588 apparet
1133 2507 1217 2567 enim

134 2595 277 2674 reliquos
302 2593 426 2654 codices
453 2591 552 2672 (nobis
579 2593 683 2672 dett),
716 2591 772 2654 ubi
794 2591 919 2654 abillis
941 2591 1032 2654 libris
1059 2593 1219 2672 primariis

134 2681 337 2760 discrepent,
360 2679 519 2740 rarissime
534 2698 648 2740 uerum
663 2679 909 2758 Wisigothorum
930 2688 1054 2740 textum
1076 2697 1219 2740 seruasse

135 2776 167 2827 et
188 2767 245 2827 uix
266 2766 362 2827 ullam
384 2784 453 2826 esse
481 2765 645 2826 lectionem
667 2766 699 2826 in
722 2765 772 2826 his
793 2775 967 2842 seruatam,
992 2783 1073 2844 quae
1093 2783 1157 2824 non
1179 2783 1219 2825 ex

134 2851 286 2912 mendosa
307 2852 432 2912 illorum
454 2851 587 2912 lectione
609 2849 692 2912 facili
716 2851 895 2912 coniectare
921 2851 1045 2912 restitui
1068 2850 1216 2930 potuerit.

135 2940 168 2999 in
191 2937 392 2998 adnotatione
415 2937 522 2998 critica
537 2937 664 3016 plenam
683 2935 826 2998 codicum
842 2939 877 2998 M
889 2946 919 2998 et
934 2939 958 2997 L
973 2935 1219 3017 discrepantiam

135 3042 199 3085 non
215 3022 356 3099 exhibui,
375 3024 495 3103 quippe
511 3041 592 3102 quae
608 3041 670 3083 non
687 3023 720 3083 in
737 3023 821 3084 Pauli
838 3020 944 3083 sedin
961 3022 1051 3101 Legis
1061 3022 1218 3082 Romanae

136 3109 275 3171 editione
286 3107 503 3170 desideretur:
523 3107 677 3188 adscripsi
689 3117 794 3170 tamen
810 3109 915 3170 uarias
931 3108 1080 3170 lectiones
1096 3106 1136 3169 ed
1152 3115 1220 3168 οιιι-Ι

134 3214 193 3256 nes
206 3213 259 3256 eos
269 3195 362 3272 locos,
382 3195 415 3256 in
427 3193 544 3273 quibus
556 3193 596 3254 ab
607 3195 776 3272 utriusque
788 3192 905 3256 codicis
916 3192 1084 3254 traditione
1100 3194 1219 3256 recessi

112 3291 166 3356 ¹et
189 3281 367 3360 singulares
389 3281 623 3345 alteriusutrius
646 3278 762 3340 codicis
783 3281 936 3342 lectiones
957 3297 1027 3358 eas,
1051 3297 1133 3358 quae
1147 3279 1219 3341 ueri

134 3367 241 3446 aliqua
257 3368 363 3446 specie
377 3367 436 3426 niti
451 3365 649 3427 uiderentur.

221 3453 338 3514 Earum
356 3460 463 3514 autem
483 3451 743 3527 sententiarum,
757 3468 838 3529 quae
856 3450 1018 3530 Epitomae
1041 3468 1081 3508 ex
1096 3449 1219 3527 integro

139 3624 183 3636 *AN
502 3619 738 3633 vvwvvvwvwvvx
745 3619 1058 3632 msvvvvvvvvvvvvvvxlvvx
1077 3619 1086 3627 n
1092 3619 1101 3628 t«
1108 3619 1135 3628 mn
1148 3619 1159 3629 ιι
1167 3617 1209 3630 νυν

206 3741 223 3805 ¹)
244 3742 367 3792 Veriotas
385 3743 535 3806 scripturae
554 3755 587 3791 ex
603 3739 688 3790 Paulli
707 3754 722 3790 a
740 3739 886 3803 visigothis
904 3739 1042 3818 epitomati
1061 3736 1215 3788 codicibus:

136 3809 245 3928 collegit
263 3811 397 3860 Gustavus
410 3809 521 3860 lleenel.
541 3810 651 3860 Bonnae
665 3810 731 3858 4836
754 3806 796 3871 (cl.
812 3807 936 3871 Corpus¹
929 3807 998 3856 ruris
1011 3807 1122 3860 llomani
1135 3806 1219 3856 Ante·

135 3879 275 3930 iustiniani
286 3880 429 3929 Bonnense
440 3879 451 3927 l
464 3891 491 3942 p.
504 3881 552 3928 itt
563 3879 645 3942 sqq).

203 3945 223 4010 2)
245 3947 372 3998 codicem
392 3947 571 3998 Parisiensem
590 3947 682 3996 ttot·
676 3959 740 3996 ram
749 3945 814 3996 olim
833 3908 968 3994 ilenricus
985 3942 1151 4006 Degonkolb,
1171 3944 1218 4008 qui

136 4020 192 4066 tum
212 4016 287 4066 Pauli
305 4017 453 4067 editionem
471 4014 599 4080 perabat,
624 4014 777 4066 contulerat
792 4027 907 4076 eamque
926 4011 1101 4063 collationem
1119 4011 1217 4062 edendi

137 4084 249 4135 consilio
273 4085 396 4149 deposito
420 4084 492 4134 ultro
513 4084 579 4134 mihi
598 4081 708 4134 obtulit:
734 4096 788 4146 qus
807 4083 834 4131 in
853 4081 948 4132 codice
966 4080 1057 4132 denuo
1075 4079 1217 4132 tractando

137 4156 236 4219 optime
247 4153 357 4204 adiutus
369 4167 439 4203 sum.
870 4171 875 4187 ι
