3028 4830
246 347 321 399 Paul.
336 346 367 406 ll,
382 349 499 406 tta-22
636 379 722 392 ..-
767 345 807 406 72
852 379 938 392 .-

243 537 346 615 *qune
370 553 404 596 se
420 535 525 596 scions
547 551 640 596 seruo
664 535 857 614 municipum
881 534 1037 610 iunxerit,
1060 534 1156 594 etiam
1176 536 1257 596 citra
1272 533 1332 596 de-

243 621 491 682 *uuutiationem
507 619 621 681 ancilla
636 619 788 682 efficitur:
807 639 869 680 uon
887 621 973 696 item,
991 621 1018 680 si
1035 621 1165 681 nesciat.
1190 621 1331 682 nescisse

244 709 370 768 *autem
391 704 536 784 uidetur,
566 723 648 786 quae
675 715 832 786 comperta
855 703 1039 766 condicione
1065 702 1273 766 contubernio
1296 725 1331 767 se

188 793 226 851 ⁴5
244 791 431 869 *abstinuit,
458 801 511 852 aut
533 791 683 854 libertum
705 791 841 872 putauit.
889 789 1001 852 Libera
1023 791 1139 854 mulier
1160 791 1332 853 coutuber-

244 878 351 939 *nium
367 879 435 938 eius
447 886 564 956 secuta,
584 879 639 958 qui
655 879 764 960 plures
776 877 918 940 dominos
931 876 1051 955 babuit,
1071 878 1141 938 eius
1153 875 1187 938 fit
1202 877 1328 955 ancilla,
1353 887 1367 931 5

188 965 226 1023 to
245 965 318 1042 *qui
334 964 420 1043 prior
435 962 654 1041 denuntiauit,
674 965 734 1024 nisi
751 964 831 1025 forte
847 962 888 1024 ab
910 962 1058 1024 omnibus
1074 961 1190 1024 lactum
1206 965 1257 1024 sit.
1298 964 1331 1024 Si

244 1052 363 1110 *mater
385 1068 477 1110 seruo
501 1049 556 1109 lilii
577 1069 611 1111 se
632 1050 789 1125 iunxerit,
815 1067 877 1111 nou
899 1049 980 1110 tollit
1003 1058 1131 1110 senatus
1153 1049 1331 1110 consultum

244 1134 472 1196 *Claudianum
496 1135 747 1197 erubescendam
769 1136 879 1196 matris
900 1136 996 1196 etiam
1021 1135 1053 1195 in
1070 1153 1104 1196 re
1126 1136 1213 1215 turpi
1237 1153 1333 1196 reue-

243 1223 395 1282 *rentiam
412 1222 556 1301 exemplo
573 1223 653 1298 eius,
672 1239 754 1302 quae
770 1240 804 1282 se
820 1239 913 1282 seruo
926 1219 1033 1282 liberti
1050 1222 1099 1282 sui
1115 1221 1329 1282 coniunxerit.

187 1305 226 1366 tr
243 1306 376 1368 *Tribus
399 1306 693 1370 denuntiationibus
714 1316 869 1368 conuenta
896 1307 956 1368 etsi
980 1325 1020 1369 ex
1038 1311 1168 1368 senatus
1190 1307 1332 1368 consulto
1355 1315 1384 1360 ⁴⁰

243 1392 340 1454 *lacta
356 1392 504 1455 uideatur
518 1394 645 1472 ancilla,
664 1393 790 1456 domino
806 1403 911 1454 tamen
927 1391 1106 1454 adiudicata
1130 1394 1208 1453 eitra
1224 1402 1334 1454 aucto-

243 1481 388 1540 *ritatem
412 1480 589 1559 interpositi
605 1499 664 1560 per
679 1478 859 1560 praesidem
873 1478 992 1540 decreti
1008 1497 1071 1539 non
1087 1477 1236 1540 uidetur:
1261 1480 1332 1558 ipse

186 1565 225 1623 l8
243 1566 346 1626 *enim
362 1563 458 1626 debet
474 1564 599 1626 aulerre
617 1567 672 1646 qui
694 1565 770 1626 dare
786 1575 889 1645 potest
910 1564 1101 1626 libertatem.
1140 1565 1217 1626 Filia
1238 1563 1334 1625 fami-

243 1651 320 1712 *lias
341 1661 462 1713 mortuo
488 1661 577 1731 patre
600 1653 626 1713 si
649 1653 682 1712 in
706 1653 792 1712 serui
806 1659 807 1663 ’
822 1650 1031 1713 contubernio
1057 1653 1328 1730 perseuerauerit,

243 1739 318 1883 *prlo
341 1747 450 1798 tenore
468 1746 594 1799 senatus
609 1738 743 1800 consulti
760 1737 924 1799 Claudiani
947 1747 1102 1798 conuenta
1119 1735 1258 1798 elficitur
1273 1755 1333 1798 an·
1355 1745 1387 1790 ⁴5

242 1825 289 1884 *ci
304 1824 365 1884 la*
768 1835 769 1840 ’
1265 1835 1271 1846 ’

630 2013 707 2092 [xm
749 2030 786 2071 ou
808 2010 942 2092 norrnrs]
1016 2020 1017 2024 ’

208 2133 219 2190 l
329 2132 390 2193 Dos
405 2140 460 2193 aut
474 2130 632 2192 antecedit
648 2141 701 2194 aut
716 2132 863 2211 sequitur
879 2131 1123 2209 matrimonium,
1142 2139 1174 2192 et
1190 2129 1262 2192 ideo
1278 2132 1332 2192 uel

243 2227 317 2278 ante
340 2218 469 2297 nuptias
490 2217 542 2278 uel
565 2227 634 2297 post
655 2218 783 2298 nuptias
803 2217 871 2280 dari
887 2226 1006 2298 potest:
1033 2215 1180 2281 sedante
1202 2217 1332 2296 nuptias

194 2304 226 2362 p
244 2302 317 2364 data
339 2321 447 2364 earum
464 2312 607 2382 expectat
622 2302 806 2366 aduentum.
845 2305 967 2366 *Mutus
987 2301 1104 2365 surdus
1119 2321 1232 2364 caecus
1247 2301 1331 2363 dotis
1352 2312 1385 2357 so

193 2383 226 2448 ib
242 2389 389 2450 *nomine
405 2388 593 2468 obligantur,
612 2390 685 2468 quio
702 2399 734 2451 et
749 2390 878 2470 nuptias
894 2389 1080 2452 contrahere
1096 2397 1240 2469 possunt.
1266 2390 1333 2450 lila-

242 2476 358 2536 *nente
381 2477 580 2536 matrimonio
602 2494 664 2536 non
687 2475 871 2556 perditurae
894 2475 985 2536 uxori
1007 2474 1048 2536 ob
1069 2477 1125 2536 has
1141 2493 1252 2536 causas
1275 2473 1333 2535 dos

242 2560 354 2624 *reddi
380 2570 501 2640 potest:
530 2570 565 2622 ut
594 2580 665 2624 sese
692 2579 829 2640 suosque
855 2561 934 2640 alat,
960 2569 996 2622 ut
1022 2559 1157 2622 fundum
1180 2559 1331 2622 idoneum

242 2649 361 2724 *emat‚
382 2647 463 2708 utin
480 2648 626 2709 exsilium
649 2649 703 2708 uel
726 2649 758 2708 in
775 2648 911 2708 insulam
934 2646 1072 2726 relegato
1089 2648 1212 2725 parenti
1235 2665 1333 2727 prae-

242 2735 323 2794 *stet
342 2733 505 2812 alimonia,
538 2744 592 2795 aut
613 2743 649 2796 ut
672 2742 817 2814 egentem
839 2733 964 2812 uirum,
996 2732 1125 2795 fratrem
1149 2751 1332 2794 sororemue
1352 2742 1385 2789 ss

242 2820 449 2884 *sustineat*

206 2906 224 2966 s
330 2907 411 2985 Lege
433 2906 511 2966 lulia
533 2905 573 2968 de
599 2904 765 2968 adulteriis
791 2913 938 2982 cauetur,
967 2923 1008 2966 ne
1036 2902 1139 2965 dotale
1164 2902 1332 2983 praedium

176 3001 178 3004 ’
244 2993 375 3053 maritus
389 2992 491 3053 inuita
506 3010 605 3054 uxore
620 2991 749 3053 alienet.

434 3179 503 3260 [xxii
546 3199 584 3239 nu
606 3199 706 3240 rueris
728 3197 816 3240 mrsu
837 3197 928 3239 vrnru
952 3197 986 3238 nr
1009 3178 1136 3259 vxoanu]

208 3300 219 3358 i
329 3301 461 3361 Fructus
474 3298 564 3361 luudi
581 3298 692 3360 dotalis
704 3307 866 3362 constante
879 3299 1076 3358 matrimonio
1088 3299 1229 3379 percepti
1243 3299 1332 3359 lucro
1352 3310 1385 3355 so

244 3386 349 3446 mariti
364 3383 492 3463 cedunt,
512 3387 605 3447 etiam
617 3403 674 3466 pro
686 3393 752 3446 rata
768 3385 843 3446 anni
856 3384 935 3462 eius,
954 3402 1016 3463 quo
1032 3383 1148 3446 lactum
1162 3393 1210 3445 est
1222 3383 1334 3445 diuor-

207 3471 225 3532 2
244 3473 335 3533 tium.
376 3470 532 3532 Omnibus
554 3473 653 3551 pactis
669 3471 829 3551 stipulatio
852 3468 953 3532 subici
976 3469 1089 3548 debet,
1113 3479 1149 3531 ut
1170 3489 1210 3532 ex
1228 3471 1334 3551 stipu-

244 3558 310 3619 latu
326 3557 405 3619 ectio
422 3559 508 3618 nasci
524 3559 634 3637 possit.

248 3745 289 3756 -aev
303 3741 933 3758 WMWAMMMAMMAMAMAMMMAn
952 3742 1060 3755 Amnum-s·
1080 3751 1085 3755 .
1096 3743 1258 3756 μωνυνυυννι
1271 3743 1309 3755 xm

315 3835 371 3888 lle,
388 3835 424 3880 lss.
441 3829 514 3878 lb=
529 3831 588 3894 Dt'q.
605 3834 646 3890 2³,
662 3835 687 3891 3,
702 3833 733 3879 ts

246 3967 407 3980 [Μανννννυυ
413 3965 789 3981 ,ΛΛᾺΛ«ωνυυννκΛΛΛΛμΛιιΑᾺΝκ
799 3964 965 3976 ννυνυυυωιω
986 3964 998 3974 (n
1025 3965 1030 3972 κ
1057 3964 1063 3972 τ
1074 3964 1146 3976 Vt'wvx
1157 3964 1183 3977 „V
1194 3963 1234 3976 rsw
1245 3964 1257 3975 μ
1270 3965 1316 3978 „xps
1326 3969 1330 3977 ,

245 4157 275 4206 Μ
314 4089 412 4137 litem
431 4087 539 4148 Arnen,
567 4087 638 4138 idem
662 4088 761 4138 Vesoat.
804 4087 815 4148 ii
863 4089 894 4134 tt
912 4085 1015 4148 uirum]
1041 4085 1127 4150 lilium
1147 4099 1178 4136 ex
1198 4085 1252 4136 alio
1271 4087 1334 4136 uiro

274 4169 387 4206 ommsen
