<?xml version="1.0" encoding="UTF-8"?>
<!DOCTYPE html PUBLIC "-//W3C//DTD XHTML 1.0 Transitional//EN"
    "http://www.w3.org/TR/xhtml1/DTD/xhtml1-transitional.dtd">
<html xmlns="http://www.w3.org/1999/xhtml" xml:lang="en" lang="en">
 <head>
  <title>
</title>
<meta http-equiv="Content-Type" content="text/html;charset=utf-8" />
  <meta name='ocr-system' content='tesseract 3.04.00' />
  <meta name='ocr-capabilities' content='ocr_page ocr_carea ocr_par ocr_line ocrx_word'/>
</head>
<body>
  <div class='ocr_page' id='page_1' title='image "./ulpianilibersin00kruegoog_0093.png"; bbox 0 0 3066 4826; ppageno 0'>
   <div class='ocr_carea' id='block_1_1' title="bbox 307 347 997 410">
    <p class='ocr_par' dir='ltr' id='par_1_1' title="bbox 307 347 997 410">
     <span class='ocr_line' id='line_1_1' title="bbox 307 347 997 410; baseline -0.006 -14"><span class='ocrx_word' id='word_1_1' title='bbox 307 347 380 397; x_wconf 75' lang='lat' dir='ltr'>aaut.</span> <span class='ocrx_word' id='word_1_2' title='bbox 396 349 429 408; x_wconf 89' lang='lat' dir='ltr'>u,</span> <span class='ocrx_word' id='word_1_3' title='bbox 444 351 486 398; x_wconf 78' lang='lat' dir='ltr'>al.</span> <span class='ocrx_word' id='word_1_4' title='bbox 502 351 532 396; x_wconf 75' lang='lat' dir='ltr'>aa</span> <span class='ocrx_word' id='word_1_5' title='bbox 698 382 782 392; x_wconf 71' lang='grc'>-..</span> <span class='ocrx_word' id='word_1_6' title='bbox 827 347 868 410; x_wconf 73' lang='lat'>80</span> <span class='ocrx_word' id='word_1_7' title='bbox 912 383 997 392; x_wconf 73' lang='grc'>...-</span> 
     </span>
    </p>
   </div>
   <div class='ocr_carea' id='block_1_2' title="bbox 245 533 1394 790">
    <p class='ocr_par' dir='ltr' id='par_1_2' title="bbox 245 533 1394 790">
     <span class='ocr_line' id='line_1_2' title="bbox 304 533 1393 616; baseline 0.001 -20"><span class='ocrx_word' id='word_1_8' title='bbox 304 533 443 598; x_wconf 83' lang='lat' dir='ltr'>*lurtum</span> <span class='ocrx_word' id='word_1_9' title='bbox 467 535 579 597; x_wconf 86' lang='lat' dir='ltr'>iecisse</span> <span class='ocrx_word' id='word_1_10' title='bbox 601 535 745 613; x_wconf 89' lang='lat' dir='ltr'>uidetur,</span> <span class='ocrx_word' id='word_1_11' title='bbox 774 537 927 616; x_wconf 92' lang='lat' dir='ltr'>quianon</span> <span class='ocrx_word' id='word_1_12' title='bbox 943 537 976 598; x_wconf 91' lang='lat' dir='ltr'>in</span> <span class='ocrx_word' id='word_1_13' title='bbox 993 555 1063 598; x_wconf 88' lang='lat' dir='ltr'>earn</span> <span class='ocrx_word' id='word_1_14' title='bbox 1079 555 1205 598; x_wconf 88' lang='lat' dir='ltr'>eausam</span> <span class='ocrx_word' id='word_1_15' title='bbox 1229 535 1270 599; x_wconf 89' lang='lat' dir='ltr'>eb</span> <span class='ocrx_word' id='word_1_16' title='bbox 1286 555 1322 598; x_wconf 91' lang='lat' dir='ltr'>eo</span> <span class='ocrx_word' id='word_1_17' title='bbox 1338 539 1393 598; x_wconf 93' lang='lat' dir='ltr'>ui-</span> 
     </span>
     <span class='ocr_line' id='line_1_3' title="bbox 245 619 1393 702; baseline 0.002 -20"><span class='ocrx_word' id='word_1_18' title='bbox 245 623 283 682; x_wconf 84' lang='lat'>30</span> <span class='ocrx_word' id='word_1_19' title='bbox 303 619 440 683; x_wconf 77' lang='lat' dir='ltr'>*dentur</span> <span class='ocrx_word' id='word_1_20' title='bbox 462 631 600 701; x_wconf 89' lang='lat' dir='ltr'>accepta.</span> <span class='ocrx_word' id='word_1_21' title='bbox 639 622 795 702; x_wconf 79' lang='lat' dir='ltr'><strong>Frugibus</strong></span> <span class='ocrx_word' id='word_1_22' title='bbox 817 641 857 682; x_wconf 83' lang='lat' dir='ltr'>ex</span> <span class='ocrx_word' id='word_1_23' title='bbox 878 621 977 684; x_wconf 86' lang='lat' dir='ltr'>fundo</span> <span class='ocrx_word' id='word_1_24' title='bbox 993 621 1154 702; x_wconf 77' lang='lat' dir='ltr'><strong>subreptis</strong></span> <span class='ocrx_word' id='word_1_25' title='bbox 1175 632 1240 684; x_wconf 90' lang='lat' dir='ltr'>tam</span> <span class='ocrx_word' id='word_1_26' title='bbox 1260 623 1393 684; x_wconf 89' lang='lat' dir='ltr'>colonus</span> 
     </span>
     <span class='ocr_line' id='line_1_4' title="bbox 303 705 1394 790; baseline 0.001 -21"><span class='ocrx_word' id='word_1_27' title='bbox 303 706 417 787; x_wconf 82' lang='lat' dir='ltr'>*quam</span> <span class='ocrx_word' id='word_1_28' title='bbox 434 705 581 769; x_wconf 86' lang='lat' dir='ltr'>dominus</span> <span class='ocrx_word' id='word_1_29' title='bbox 604 707 679 769; x_wconf 82' lang='lat' dir='ltr'>furti</span> <span class='ocrx_word' id='word_1_30' title='bbox 696 727 788 790; x_wconf 81' lang='lat' dir='ltr'>agere</span> <span class='ocrx_word' id='word_1_31' title='bbox 804 717 953 787; x_wconf 78' lang='lat' dir='ltr'><strong>possunt,</strong></span> <span class='ocrx_word' id='word_1_32' title='bbox 979 709 1054 788; x_wconf 88' lang='lat' dir='ltr'>quia</span> <span class='ocrx_word' id='word_1_33' title='bbox 1074 710 1242 788; x_wconf 89' lang='lat' dir='ltr'>utriusque</span> <span class='ocrx_word' id='word_1_34' title='bbox 1258 709 1394 770; x_wconf 90' lang='lat' dir='ltr'>interest</span> 
     </span>
    </p>
   </div>
   <div class='ocr_carea' id='block_1_3' title="bbox 149 877 1521 1991">
    <p class='ocr_par' dir='ltr' id='par_1_3' title="bbox 149 877 1521 1991">
     <span class='ocr_line' id='line_1_5' title="bbox 303 877 1429 960; baseline 0.001 -21"><span class='ocrx_word' id='word_1_35' title='bbox 303 877 497 960; x_wconf 76' lang='lat' dir='ltr'>*subripuit,</span> <span class='ocrx_word' id='word_1_36' title='bbox 523 878 598 941; x_wconf 85' lang='lat' dir='ltr'>furti</span> <span class='ocrx_word' id='word_1_37' title='bbox 621 881 742 942; x_wconf 89' lang='lat' dir='ltr'>actione</span> <span class='ocrx_word' id='word_1_38' title='bbox 765 878 945 959; x_wconf 80' lang='lat' dir='ltr'>tenebitur,</span> <span class='ocrx_word' id='word_1_39' title='bbox 972 890 1004 941; x_wconf 93' lang='lat' dir='ltr'>et</span> <span class='ocrx_word' id='word_1_40' title='bbox 1026 881 1051 940; x_wconf 91' lang='lat' dir='ltr'>si</span> <span class='ocrx_word' id='word_1_41' title='bbox 1068 881 1263 960; x_wconf 79' lang='lat' dir='ltr'>suppressit,</span> <span class='ocrx_word' id='word_1_42' title='bbox 1288 895 1429 960; x_wconf 73' lang='lat' dir='ltr'>poenae</span> 
     </span>
     <span class='ocr_line' id='line_1_6' title="bbox 244 963 1390 1046; baseline 0.003 -22"><span class='ocrx_word' id='word_1_43' title='bbox 244 967 284 1028; x_wconf 75' lang='grc'>32</span> <span class='ocrx_word' id='word_1_44' title='bbox 302 965 400 1046; x_wconf 78' lang='lat' dir='ltr'>*legis</span> <span class='ocrx_word' id='word_1_45' title='bbox 415 965 528 1027; x_wconf 82' lang='lat' dir='ltr'>Fabiae</span> <span class='ocrx_word' id='word_1_46' title='bbox 545 965 740 1027; x_wconf 75' lang='lat' dir='ltr'>coercetur*</span> <span class='ocrx_word' id='word_1_47' title='bbox 777 965 837 1038; x_wconf 89' lang='lat' dir='ltr'>Oui</span> <span class='ocrx_word' id='word_1_48' title='bbox 853 963 978 1028; x_wconf 89' lang='lat' dir='ltr'>tabulas</span> <span class='ocrx_word' id='word_1_49' title='bbox 993 967 1196 1028; x_wconf 87' lang='lat' dir='ltr'>cautionesue</span> <span class='ocrx_word' id='word_1_50' title='bbox 1213 965 1390 1046; x_wconf 79' lang='lat' dir='ltr'>subripuit,</span> 
     </span>
     <span class='ocr_line' id='line_1_7' title="bbox 302 1050 1390 1132; baseline 0.004 -22"><span class='ocrx_word' id='word_1_51' title='bbox 302 1052 336 1113; x_wconf 94' lang='lat' dir='ltr'>in</span> <span class='ocrx_word' id='word_1_52' title='bbox 358 1050 548 1132; x_wconf 88' lang='lat' dir='ltr'>adscriptam</span> <span class='ocrx_word' id='word_1_53' title='bbox 570 1071 723 1114; x_wconf 90' lang='lat' dir='ltr'>summam</span> <span class='ocrx_word' id='word_1_54' title='bbox 740 1051 815 1113; x_wconf 83' lang='lat' dir='ltr'>furti</span> <span class='ocrx_word' id='word_1_55' title='bbox 830 1053 952 1114; x_wconf 89' lang='lat' dir='ltr'>actione</span> <span class='ocrx_word' id='word_1_56' title='bbox 966 1051 1146 1113; x_wconf 83' lang='lat' dir='ltr'>tenebitur:</span> <span class='ocrx_word' id='word_1_57' title='bbox 1171 1071 1230 1112; x_wconf 90' lang='lat' dir='ltr'>nec</span> <span class='ocrx_word' id='word_1_58' title='bbox 1241 1053 1390 1132; x_wconf 87' lang='lat' dir='ltr'>interest,</span> 
     </span>
     <span class='ocr_line' id='line_1_8' title="bbox 302 1137 1394 1217; baseline 0.001 -19"><span class='ocrx_word' id='word_1_59' title='bbox 302 1137 492 1199; x_wconf 82' lang='lat' dir='ltr'>cancellatae</span> <span class='ocrx_word' id='word_1_60' title='bbox 508 1155 568 1198; x_wconf 88' lang='lat' dir='ltr'>nee</span> <span class='ocrx_word' id='word_1_61' title='bbox 583 1157 624 1198; x_wconf 92' lang='lat' dir='ltr'>ne</span> <span class='ocrx_word' id='word_1_62' title='bbox 639 1137 718 1216; x_wconf 92' lang='lat' dir='ltr'>sint,</span> <span class='ocrx_word' id='word_1_63' title='bbox 744 1139 819 1217; x_wconf 87' lang='lat' dir='ltr'>quia</span> <span class='ocrx_word' id='word_1_64' title='bbox 840 1156 879 1198; x_wconf 83' lang='lat' dir='ltr'>ex</span> <span class='ocrx_word' id='word_1_65' title='bbox 895 1139 945 1198; x_wconf 95' lang='lat' dir='ltr'>his</span> <span class='ocrx_word' id='word_1_66' title='bbox 961 1137 1104 1199; x_wconf 86' lang='lat' dir='ltr'>debitum</span> <span class='ocrx_word' id='word_1_67' title='bbox 1126 1137 1316 1200; x_wconf 87' lang='lat' dir='ltr'>dissolutum</span> <span class='ocrx_word' id='word_1_68' title='bbox 1338 1139 1394 1199; x_wconf 91' lang='lat' dir='ltr'>in-</span> 
     </span>
     <span class='ocr_line' id='line_1_9' title="bbox 149 1222 1391 1303; baseline 0 -19"><span class='ocrx_word' id='word_1_69' title='bbox 149 1233 150 1238; x_wconf 77' lang='grc'>’</span> <span class='ocrx_word' id='word_1_70' title='bbox 243 1225 282 1284; x_wconf 85' lang='grc'>33</span> <span class='ocrx_word' id='word_1_71' title='bbox 302 1233 401 1284; x_wconf 88' lang='lat' dir='ltr'>terest</span> <span class='ocrx_word' id='word_1_72' title='bbox 423 1223 630 1303; x_wconf 91' lang='lat' dir='ltr'>comprobari.</span> <span class='ocrx_word' id='word_1_73' title='bbox 675 1222 754 1296; x_wconf 82' lang='lat' dir='ltr'>*Qui</span> <span class='ocrx_word' id='word_1_74' title='bbox 777 1243 870 1285; x_wconf 90' lang='lat' dir='ltr'>seruo</span> <span class='ocrx_word' id='word_1_75' title='bbox 893 1223 985 1303; x_wconf 81' lang='lat' dir='ltr'>fugae</span> <span class='ocrx_word' id='word_1_76' title='bbox 1002 1225 1167 1285; x_wconf 89' lang='lat' dir='ltr'>eonsilium</span> <span class='ocrx_word' id='word_1_77' title='bbox 1184 1223 1282 1301; x_wconf 89' lang='lat' dir='ltr'>dedit,</span> <span class='ocrx_word' id='word_1_78' title='bbox 1311 1223 1391 1286; x_wconf 81' lang='lat' dir='ltr'>furti</span> 
     </span>
     <span class='ocr_line' id='line_1_10' title="bbox 243 1307 1445 1390; baseline -0.002 -20"><span class='ocrx_word' id='word_1_79' title='bbox 243 1312 282 1370; x_wconf 80' lang='lat' dir='ltr'>at</span> <span class='ocrx_word' id='word_1_80' title='bbox 302 1307 452 1390; x_wconf 85' lang='lat' dir='ltr'>*quidem</span> <span class='ocrx_word' id='word_1_81' title='bbox 474 1311 595 1371; x_wconf 90' lang='lat' dir='ltr'>actione</span> <span class='ocrx_word' id='word_1_82' title='bbox 617 1327 680 1370; x_wconf 94' lang='lat' dir='ltr'>non</span> <span class='ocrx_word' id='word_1_83' title='bbox 695 1319 838 1388; x_wconf 91' lang='lat' dir='ltr'>tenetur,</span> <span class='ocrx_word' id='word_1_84' title='bbox 863 1309 919 1370; x_wconf 85' lang='lat' dir='ltr'>sed</span> <span class='ocrx_word' id='word_1_85' title='bbox 936 1311 1020 1371; x_wconf 90' lang='lat' dir='ltr'>serui</span> <span class='ocrx_word' id='word_1_86' title='bbox 1041 1311 1192 1390; x_wconf 79' lang='lat' dir='ltr'>corrupti.</span> <span class='ocrx_word' id='word_1_87' title='bbox 1233 1311 1294 1371; x_wconf 88' lang='lat' dir='ltr'>Res</span> <span class='ocrx_word' id='word_1_88' title='bbox 1310 1309 1394 1371; x_wconf 91' lang='lat' dir='ltr'>sub·</span> <span class='ocrx_word' id='word_1_89' title='bbox 1414 1323 1445 1368; x_wconf 83' lang='lat' dir='ltr'>to</span> 
     </span>
     <span class='ocr_line' id='line_1_11' title="bbox 205 1394 1390 1476; baseline 0.001 -21"><span class='ocrx_word' id='word_1_90' title='bbox 205 1459 208 1466; x_wconf 72' lang='grc'><em>,</em></span> <span class='ocrx_word' id='word_1_91' title='bbox 305 1394 413 1476; x_wconf 84' lang='lat' dir='ltr'>*repta</span> <span class='ocrx_word' id='word_1_92' title='bbox 428 1396 455 1456; x_wconf 91' lang='lat' dir='ltr'>si</span> <span class='ocrx_word' id='word_1_93' title='bbox 471 1397 504 1455; x_wconf 91' lang='lat' dir='ltr'>in</span> <span class='ocrx_word' id='word_1_94' title='bbox 520 1394 640 1456; x_wconf 89' lang='lat' dir='ltr'>domini</span> <span class='ocrx_word' id='word_1_95' title='bbox 655 1405 841 1476; x_wconf 89' lang='lat' dir='ltr'>potestatem</span> <span class='ocrx_word' id='word_1_96' title='bbox 862 1414 995 1468; x_wconf 72' lang='lat' dir='ltr'>reuersa,</span> <span class='ocrx_word' id='word_1_97' title='bbox 1006 1396 1062 1474; x_wconf 92' lang='lat' dir='ltr'>sit,</span> <span class='ocrx_word' id='word_1_98' title='bbox 1082 1405 1183 1458; x_wconf 88' lang='lat' dir='ltr'>cessat</span> <span class='ocrx_word' id='word_1_99' title='bbox 1200 1395 1276 1457; x_wconf 86' lang='lat' dir='ltr'>lurti</span> <span class='ocrx_word' id='word_1_100' title='bbox 1293 1399 1390 1458; x_wconf 88' lang='lat' dir='ltr'>actio.</span> 
     </span>
     <span class='ocr_line' id='line_1_12' title="bbox 244 1479 1394 1562; baseline 0.002 -22"><span class='ocrx_word' id='word_1_101' title='bbox 244 1483 283 1541; x_wconf 86' lang='lat'>35</span> <span class='ocrx_word' id='word_1_102' title='bbox 303 1479 382 1554; x_wconf 85' lang='lat' dir='ltr'>*Qui</span> <span class='ocrx_word' id='word_1_103' title='bbox 403 1479 532 1542; x_wconf 84' lang='lat' dir='ltr'>furandi</span> <span class='ocrx_word' id='word_1_104' title='bbox 556 1483 660 1542; x_wconf 87' lang='lat' dir='ltr'>animo</span> <span class='ocrx_word' id='word_1_105' title='bbox 681 1481 829 1544; x_wconf 86' lang='lat' dir='ltr'>conclaue</span> <span class='ocrx_word' id='word_1_106' title='bbox 852 1483 977 1562; x_wconf 82' lang='lat' dir='ltr'>effregit</span> <span class='ocrx_word' id='word_1_107' title='bbox 999 1482 1052 1542; x_wconf 89' lang='lat' dir='ltr'>uel</span> <span class='ocrx_word' id='word_1_108' title='bbox 1068 1483 1207 1562; x_wconf 82' lang='lat' dir='ltr'>aperuit,</span> <span class='ocrx_word' id='word_1_109' title='bbox 1236 1482 1294 1544; x_wconf 87' lang='lat' dir='ltr'>scd</span> <span class='ocrx_word' id='word_1_110' title='bbox 1308 1483 1394 1542; x_wconf 82' lang='lat' dir='ltr'>nihil</span> 
     </span>
     <span class='ocr_line' id='line_1_13' title="bbox 302 1565 1390 1648; baseline 0.001 -20"><span class='ocrx_word' id='word_1_111' title='bbox 302 1565 462 1644; x_wconf 67' lang='lat' dir='ltr'>*abstulit</span> <span class='ocrx_word' id='word_1_112' title='bbox 478 1567 553 1629; x_wconf 79' lang='lat' dir='ltr'>furti</span> <span class='ocrx_word' id='word_1_113' title='bbox 565 1568 686 1629; x_wconf 86' lang='lat' dir='ltr'>actione</span> <span class='ocrx_word' id='word_1_114' title='bbox 694 1568 858 1628; x_wconf 88' lang='lat' dir='ltr'>conueniri</span> <span class='ocrx_word' id='word_1_115' title='bbox 871 1586 933 1628; x_wconf 95' lang='lat' dir='ltr'>non</span> <span class='ocrx_word' id='word_1_116' title='bbox 945 1576 1059 1647; x_wconf 90' lang='lat' dir='ltr'>potest,</span> <span class='ocrx_word' id='word_1_117' title='bbox 1074 1568 1262 1629; x_wconf 89' lang='lat' dir='ltr'>iniuriarum</span> <span class='ocrx_word' id='word_1_118' title='bbox 1271 1577 1390 1648; x_wconf 88' lang='lat' dir='ltr'>potest.</span> 
     </span>
     <span class='ocr_line' id='line_1_14' title="bbox 243 1652 1393 1731; baseline 0 -17"><span class='ocrx_word' id='word_1_119' title='bbox 243 1653 283 1714; x_wconf 84' lang='grc'>36</span> <span class='ocrx_word' id='word_1_120' title='bbox 302 1652 382 1726; x_wconf 82' lang='lat' dir='ltr'>*Qui</span> <span class='ocrx_word' id='word_1_121' title='bbox 399 1671 467 1714; x_wconf 88' lang='lat' dir='ltr'>rem</span> <span class='ocrx_word' id='word_1_122' title='bbox 483 1671 571 1715; x_wconf 90' lang='lat' dir='ltr'>suam</span> <span class='ocrx_word' id='word_1_123' title='bbox 589 1652 729 1731; x_wconf 85' lang='lat' dir='ltr'>iuratur,</span> <span class='ocrx_word' id='word_1_124' title='bbox 749 1655 791 1714; x_wconf 95' lang='lat' dir='ltr'>ita</span> <span class='ocrx_word' id='word_1_125' title='bbox 814 1653 941 1714; x_wconf 87' lang='lat' dir='ltr'>demum</span> <span class='ocrx_word' id='word_1_126' title='bbox 964 1652 1040 1714; x_wconf 87' lang='lat' dir='ltr'>lurti</span> <span class='ocrx_word' id='word_1_127' title='bbox 1066 1655 1186 1715; x_wconf 87' lang='lat' dir='ltr'>actione</span> <span class='ocrx_word' id='word_1_128' title='bbox 1209 1671 1271 1714; x_wconf 92' lang='lat' dir='ltr'>non</span> <span class='ocrx_word' id='word_1_129' title='bbox 1294 1665 1393 1714; x_wconf 91' lang='lat' dir='ltr'>tene-</span> 
     </span>
     <span class='ocr_line' id='line_1_15' title="bbox 242 1737 1521 1820; baseline -0.002 -20"><span class='ocrx_word' id='word_1_130' title='bbox 242 1740 283 1800; x_wconf 85' lang='lat'>37</span> <span class='ocrx_word' id='word_1_131' title='bbox 302 1737 390 1818; x_wconf 85' lang='lat' dir='ltr'>*tur,</span> <span class='ocrx_word' id='word_1_132' title='bbox 416 1740 443 1800; x_wconf 92' lang='lat' dir='ltr'>si</span> <span class='ocrx_word' id='word_1_133' title='bbox 459 1739 550 1802; x_wconf 88' lang='lat' dir='ltr'>alteri</span> <span class='ocrx_word' id='word_1_134' title='bbox 573 1757 613 1800; x_wconf 82' lang='lat' dir='ltr'>ex</span> <span class='ocrx_word' id='word_1_135' title='bbox 635 1740 692 1800; x_wconf 90' lang='lat' dir='ltr'>hoe</span> <span class='ocrx_word' id='word_1_136' title='bbox 713 1758 775 1800; x_wconf 93' lang='lat' dir='ltr'>non</span> <span class='ocrx_word' id='word_1_137' title='bbox 798 1738 982 1802; x_wconf 78' lang='lat' dir='ltr'>noceatur*</span> <span class='ocrx_word' id='word_1_138' title='bbox 1021 1740 1155 1816; x_wconf 77' lang='lat' dir='ltr'>SeruuS,</span> <span class='ocrx_word' id='word_1_139' title='bbox 1181 1741 1237 1818; x_wconf 91' lang='lat' dir='ltr'>qui</span> <span class='ocrx_word' id='word_1_140' title='bbox 1263 1741 1295 1800; x_wconf 92' lang='lat' dir='ltr'>in</span> <span class='ocrx_word' id='word_1_141' title='bbox 1314 1739 1392 1820; x_wconf 82' lang='lat' dir='ltr'>iuga</span> <span class='ocrx_word' id='word_1_142' title='bbox 1413 1753 1445 1798; x_wconf 80' lang='lat'>45</span> <span class='ocrx_word' id='word_1_143' title='bbox 1520 1779 1521 1784; x_wconf 20' lang='grc' dir='ltr'>η</span> 
     </span>
     <span class='ocr_line' id='line_1_16' title="bbox 302 1824 1392 1906; baseline 0.001 -20"><span class='ocrx_word' id='word_1_144' title='bbox 302 1834 360 1904; x_wconf 86' lang='lat' dir='ltr'>est,</span> <span class='ocrx_word' id='word_1_145' title='bbox 379 1844 397 1885; x_wconf 90' lang='lat' dir='ltr'>a</span> <span class='ocrx_word' id='word_1_146' title='bbox 412 1825 538 1886; x_wconf 92' lang='lat' dir='ltr'>domino</span> <span class='ocrx_word' id='word_1_147' title='bbox 555 1824 685 1904; x_wconf 89' lang='lat' dir='ltr'>quidem</span> <span class='ocrx_word' id='word_1_148' title='bbox 701 1824 899 1906; x_wconf 89' lang='lat' dir='ltr'>possidetur,</span> <span class='ocrx_word' id='word_1_149' title='bbox 925 1825 982 1886; x_wconf 92' lang='lat' dir='ltr'>sed</span> <span class='ocrx_word' id='word_1_150' title='bbox 998 1825 1144 1886; x_wconf 79' lang='lat' dir='ltr'>dontinus</span> <span class='ocrx_word' id='word_1_151' title='bbox 1168 1825 1245 1886; x_wconf 84' lang='lat' dir='ltr'>furti</span> <span class='ocrx_word' id='word_1_152' title='bbox 1262 1827 1392 1888; x_wconf 88' lang='lat' dir='ltr'>actione</span> 
     </span>
     <span class='ocr_line' id='line_1_17' title="bbox 302 1911 1352 1991; baseline 0.001 -20"><span class='ocrx_word' id='word_1_153' title='bbox 302 1911 370 1972; x_wconf 90' lang='lat' dir='ltr'>eius</span> <span class='ocrx_word' id='word_1_154' title='bbox 385 1912 513 1972; x_wconf 90' lang='lat' dir='ltr'>nomine</span> <span class='ocrx_word' id='word_1_155' title='bbox 530 1930 593 1972; x_wconf 93' lang='lat' dir='ltr'>non</span> <span class='ocrx_word' id='word_1_156' title='bbox 608 1921 747 1990; x_wconf 89' lang='lat' dir='ltr'>tenetur,</span> <span class='ocrx_word' id='word_1_157' title='bbox 767 1913 842 1990; x_wconf 90' lang='lat' dir='ltr'>quia</span> <span class='ocrx_word' id='word_1_158' title='bbox 858 1913 891 1971; x_wconf 95' lang='lat' dir='ltr'>in</span> <span class='ocrx_word' id='word_1_159' title='bbox 907 1920 1061 1991; x_wconf 85' lang='lat' dir='ltr'>potestate</span> <span class='ocrx_word' id='word_1_160' title='bbox 1078 1931 1148 1972; x_wconf 89' lang='lat' dir='ltr'>eum</span> <span class='ocrx_word' id='word_1_161' title='bbox 1165 1931 1227 1972; x_wconf 95' lang='lat' dir='ltr'>non</span> <span class='ocrx_word' id='word_1_162' title='bbox 1244 1911 1352 1974; x_wconf 90' lang='lat' dir='ltr'>habet.</span> 
     </span>
    </p>
   </div>
   <div class='ocr_carea' id='block_1_4' title="bbox 587 2097 1097 2182">
    <p class='ocr_par' dir='ltr' id='par_1_4' title="bbox 587 2097 1097 2182">
     <span class='ocr_line' id='line_1_18' title="bbox 587 2097 1097 2182; baseline -0.002 -22"><span class='ocrx_word' id='word_1_163' title='bbox 587 2097 674 2178; x_wconf 79' lang='lat' dir='ltr'>[xxxii</span> <span class='ocrx_word' id='word_1_164' title='bbox 717 2117 754 2160; x_wconf 82' lang='lat' dir='ltr'>on</span> <span class='ocrx_word' id='word_1_165' title='bbox 779 2117 881 2160; x_wconf 84' lang='lat' dir='ltr'>ornrrs</span> <span class='ocrx_word' id='word_1_166' title='bbox 905 2099 1097 2182; x_wconf 80' lang='lat' dir='ltr'>ntonnrcnvn]</span> 
     </span>
    </p>
   </div>
   <div class='ocr_carea' id='block_1_5' title="bbox 302 2218 1521 2452">
    <p class='ocr_par' dir='ltr' id='par_1_5' title="bbox 302 2218 1521 2452">
     <span class='ocr_line' id='line_1_19' title="bbox 388 2218 1521 2300; baseline 0.004 -22"><span class='ocrx_word' id='word_1_167' title='bbox 388 2218 540 2298; x_wconf 79' lang='lat' dir='ltr'>Egontem</span> <span class='ocrx_word' id='word_1_168' title='bbox 555 2228 723 2300; x_wconf 89' lang='lat' dir='ltr'>patronum</span> <span class='ocrx_word' id='word_1_169' title='bbox 746 2218 880 2280; x_wconf 89' lang='lat' dir='ltr'>libertus</span> <span class='ocrx_word' id='word_1_170' title='bbox 894 2218 1084 2299; x_wconf 82' lang='lat' dir='ltr'>obligatione</span> <span class='ocrx_word' id='word_1_171' title='bbox 1101 2218 1175 2281; x_wconf 90' lang='lat' dir='ltr'>doni</span> <span class='ocrx_word' id='word_1_172' title='bbox 1199 2221 1343 2282; x_wconf 88' lang='lat' dir='ltr'>muneris</span> <span class='ocrx_word' id='word_1_173' title='bbox 1357 2232 1395 2282; x_wconf 91' lang='lat' dir='ltr'>et</span> <span class='ocrx_word' id='word_1_174' title='bbox 1520 2293 1521 2300; x_wconf 37' lang='lat'>,</span> 
     </span>
     <span class='ocr_line' id='line_1_20' title="bbox 302 2304 1445 2386; baseline 0 -22"><span class='ocrx_word' id='word_1_175' title='bbox 302 2323 469 2383; x_wconf 86' lang='lat' dir='ltr'>operarum</span> <span class='ocrx_word' id='word_1_176' title='bbox 495 2307 616 2367; x_wconf 88' lang='lat' dir='ltr'>solutus</span> <span class='ocrx_word' id='word_1_177' title='bbox 643 2307 726 2368; x_wconf 89' lang='lat' dir='ltr'>alere</span> <span class='ocrx_word' id='word_1_178' title='bbox 749 2304 908 2386; x_wconf 79' lang='lat' dir='ltr'>cogendus</span> <span class='ocrx_word' id='word_1_179' title='bbox 931 2315 978 2366; x_wconf 91' lang='lat' dir='ltr'>est</span> <span class='ocrx_word' id='word_1_180' title='bbox 1003 2325 1059 2386; x_wconf 94' lang='lat' dir='ltr'>pro</span> <span class='ocrx_word' id='word_1_181' title='bbox 1082 2305 1173 2367; x_wconf 86' lang='lat' dir='ltr'>modo</span> <span class='ocrx_word' id='word_1_182' title='bbox 1201 2304 1391 2368; x_wconf 82' lang='lat' dir='ltr'>facultatum</span> <span class='ocrx_word' id='word_1_183' title='bbox 1413 2319 1445 2364; x_wconf 71' lang='lat' dir='ltr'>to</span> 
     </span>
     <span class='ocr_line' id='line_1_21' title="bbox 302 2407 1521 2452; baseline 0.001 -2"><span class='ocrx_word' id='word_1_184' title='bbox 302 2409 439 2452; x_wconf 89' lang='lat' dir='ltr'>suarum.</span> <span class='ocrx_word' id='word_1_185' title='bbox 1520 2407 1521 2418; x_wconf 60' lang='lat'>¹</span> 
     </span>
    </p>
   </div>
   <div class='ocr_carea' id='block_1_6' title="bbox 312 2577 1176 2592">
    <p class='ocr_par' dir='ltr' id='par_1_6' title="bbox 312 2577 1176 2592">
     <span class='ocr_line' id='line_1_22' title="bbox 312 2577 1176 2592; baseline 0.002 -4"><span class='ocrx_word' id='word_1_186' title='bbox 312 2579 332 2589; x_wconf 49' lang='lat' dir='ltr'>*rx</span> <span class='ocrx_word' id='word_1_187' title='bbox 341 2579 348 2589; x_wconf 55' lang='lat' dir='ltr'>x</span> <span class='ocrx_word' id='word_1_188' title='bbox 355 2577 549 2592; x_wconf 54' lang='lat' dir='ltr'>PVWWUV&#39;UWWU</span> <span class='ocrx_word' id='word_1_189' title='bbox 782 2577 1176 2592; x_wconf 64' lang='lat' dir='ltr'>Wvavvxmvwvxmmrmmum</span> 
     </span>
    </p>
   </div>
   <div class='ocr_carea' id='block_1_7' title="bbox 302 2681 1393 2814">
    <p class='ocr_par' dir='ltr' id='par_1_7' title="bbox 302 2681 1393 2814">
     <span class='ocr_line' id='line_1_23' title="bbox 371 2681 1393 2745; baseline 0.006 -17"><span class='ocrx_word' id='word_1_190' title='bbox 371 2681 648 2745; x_wconf 75' lang='lat' dir='ltr'>at,ec-ae=1)1·9.</span> <span class='ocrx_word' id='word_1_191' title='bbox 665 2683 706 2741; x_wconf 78' lang='lat' dir='ltr'>tr,</span> <span class='ocrx_word' id='word_1_192' title='bbox 721 2685 746 2744; x_wconf 74' lang='lat'>2,</span> <span class='ocrx_word' id='word_1_193' title='bbox 761 2684 803 2742; x_wconf 82' lang='grc'>83,</span> <span class='ocrx_word' id='word_1_194' title='bbox 824 2682 856 2743; x_wconf 75' lang='lat' dir='ltr'>cs.</span> <span class='ocrx_word' id='word_1_195' title='bbox 872 2683 944 2742; x_wconf 75' lang='lat' dir='ltr'>adp.</span> <span class='ocrx_word' id='word_1_196' title='bbox 959 2685 990 2730; x_wconf 80' lang='lat' dir='ltr'>te</span> <span class='ocrx_word' id='word_1_197' title='bbox 1032 2681 1043 2744; x_wconf 95' lang='grc'>11</span> <span class='ocrx_word' id='word_1_198' title='bbox 1085 2683 1393 2741; x_wconf 58' lang='lat' dir='ltr'>atae-accentu</span> 
     </span>
     <span class='ocr_line' id='line_1_24' title="bbox 302 2750 1259 2814; baseline 0.003 -16"><span class='ocrx_word' id='word_1_199' title='bbox 302 2751 318 2798; x_wconf 91' lang='lat' dir='ltr'>t.</span> <span class='ocrx_word' id='word_1_200' title='bbox 334 2763 356 2799; x_wconf 87' lang='lat' dir='ltr'>c.</span> <span class='ocrx_word' id='word_1_201' title='bbox 371 2763 405 2800; x_wconf 77' lang='lat' dir='ltr'>ec</span> <span class='ocrx_word' id='word_1_202' title='bbox 422 2750 555 2800; x_wconf 81' lang='lat' dir='ltr'>Vesontioo</span> <span class='ocrx_word' id='word_1_203' title='bbox 566 2753 679 2800; x_wconf 78' lang='lat' dir='ltr'>restituit</span> <span class='ocrx_word' id='word_1_204' title='bbox 719 2751 730 2814; x_wconf 94' lang='grc'>11</span> <span class='ocrx_word' id='word_1_205' title='bbox 772 2750 1259 2814; x_wconf 74' lang='lat' dir='ltr'>at‚ares.tec1tom.13ur9unc.ta</span> 
     </span>
    </p>
   </div>
   <div class='ocr_carea' id='block_1_8' title="bbox 450 2902 1098 2918">
    <p class='ocr_par' dir='ltr' id='par_1_8' title="bbox 450 2902 1098 2918">
     <span class='ocr_line' id='line_1_25' title="bbox 450 2902 1098 2918; baseline 0.005 -3"><span class='ocrx_word' id='word_1_206' title='bbox 450 2902 609 2917; x_wconf 61' lang='lat' dir='ltr'>tru&#39;vmritvxrvw</span> <span class='ocrx_word' id='word_1_207' title='bbox 616 2905 1098 2918; x_wconf 47' lang='grc' dir='ltr'>«νῆψιυναυυννΜνννννννννκΛΛΛΝδΛΙ</span> 
     </span>
    </p>
   </div>
   <div class='ocr_carea' id='block_1_9' title="bbox 302 3023 1392 3294">
    <p class='ocr_par' dir='ltr' id='par_1_9' title="bbox 302 3023 1392 3294">
     <span class='ocr_line' id='line_1_26' title="bbox 371 3023 1392 3088; baseline 0.001 -16"><span class='ocrx_word' id='word_1_208' title='bbox 371 3024 530 3088; x_wconf 69' lang='lat' dir='ltr'>epossttn</span> <span class='ocrx_word' id='word_1_209' title='bbox 544 3023 665 3074; x_wconf 58' lang='lat' dir='ltr'>coccus</span> <span class='ocrx_word' id='word_1_210' title='bbox 693 3023 704 3087; x_wconf 91' lang='grc'>11</span> <span class='ocrx_word' id='word_1_211' title='bbox 734 3023 883 3087; x_wconf 80' lang='lat' dir='ltr'>tinterest]</span> <span class='ocrx_word' id='word_1_212' title='bbox 897 3023 980 3074; x_wconf 79' lang='lat' dir='ltr'>refert</span> <span class='ocrx_word' id='word_1_213' title='bbox 993 3025 1052 3088; x_wconf 74' lang='lat' dir='ltr'>Dtp.</span> <span class='ocrx_word' id='word_1_214' title='bbox 1077 3024 1088 3088; x_wconf 93' lang='grc'>11</span> <span class='ocrx_word' id='word_1_215' title='bbox 1117 3024 1312 3075; x_wconf 79' lang='lat' dir='ltr'>scannellatae</span> <span class='ocrx_word' id='word_1_216' title='bbox 1325 3027 1392 3076; x_wconf 76' lang='lat' dir='ltr'>dett.</span> 
     </span>
     <span class='ocr_line' id='line_1_27' title="bbox 302 3090 1392 3162; baseline 0.003 -21"><span class='ocrx_word' id='word_1_217' title='bbox 302 3105 360 3142; x_wconf 82' lang='lat' dir='ltr'>oum</span> <span class='ocrx_word' id='word_1_218' title='bbox 377 3093 452 3156; x_wconf 62' lang='lat' dir='ltr'>Dic„</span> <span class='ocrx_word' id='word_1_219' title='bbox 473 3093 691 3144; x_wconf 81' lang='lat' dir='ltr'>conconcellatae</span> <span class='ocrx_word' id='word_1_220' title='bbox 709 3093 760 3154; x_wconf 59' lang='lat' dir='ltr'>Ma,</span> <span class='ocrx_word' id='word_1_221' title='bbox 780 3106 813 3144; x_wconf 90' lang='lat' dir='ltr'>an</span> <span class='ocrx_word' id='word_1_222' title='bbox 834 3093 998 3144; x_wconf 84' lang='lat' dir='ltr'>cancellatae</span> <span class='ocrx_word' id='word_1_223' title='bbox 1017 3090 1074 3154; x_wconf 70' lang='lat' dir='ltr'>lib,</span> <span class='ocrx_word' id='word_1_224' title='bbox 1094 3093 1166 3144; x_wconf 88' lang='lat' dir='ltr'>hanc</span> <span class='ocrx_word' id='word_1_225' title='bbox 1183 3093 1311 3144; x_wconf 79' lang='lat' dir='ltr'>ancillata</span> <span class='ocrx_word' id='word_1_226' title='bbox 1330 3095 1351 3144; x_wconf 85' lang='lat' dir='ltr'><em>L</em></span> <span class='ocrx_word' id='word_1_227' title='bbox 1379 3093 1392 3162; x_wconf 92' lang='grc'>11</span> 
     </span>
     <span class='ocr_line' id='line_1_28' title="bbox 302 3161 1391 3228; baseline 0.004 -18"><span class='ocrx_word' id='word_1_228' title='bbox 302 3163 364 3224; x_wconf 85' lang='lat' dir='ltr'>quia</span> <span class='ocrx_word' id='word_1_229' title='bbox 377 3163 436 3211; x_wconf 83' lang='lat' dir='ltr'>dett.</span> <span class='ocrx_word' id='word_1_230' title='bbox 452 3161 524 3224; x_wconf 65' lang='lat' dir='ltr'>Dtp„</span> <span class='ocrx_word' id='word_1_231' title='bbox 538 3162 637 3224; x_wconf 78' lang='lat' dir='ltr'>quali,</span> <span class='ocrx_word' id='word_1_232' title='bbox 652 3161 750 3224; x_wconf 76' lang='lat' dir='ltr'>quael</span> <span class='ocrx_word' id='word_1_233' title='bbox 780 3162 791 3226; x_wconf 92' lang='grc'>11</span> <span class='ocrx_word' id='word_1_234' title='bbox 821 3161 942 3212; x_wconf 87' lang='lat' dir='ltr'>debitum</span> <span class='ocrx_word' id='word_1_235' title='bbox 955 3163 1041 3226; x_wconf 80' lang='lat' dir='ltr'>magis</span> <span class='ocrx_word' id='word_1_236' title='bbox 1053 3161 1172 3212; x_wconf 84' lang='lat' dir='ltr'>solutum</span> <span class='ocrx_word' id='word_1_237' title='bbox 1185 3175 1244 3212; x_wconf 90' lang='lat' dir='ltr'>esse</span> <span class='ocrx_word' id='word_1_238' title='bbox 1258 3175 1391 3228; x_wconf 89' lang='lat' dir='ltr'>compro-</span> 
     </span>
     <span class='ocr_line' id='line_1_29' title="bbox 302 3229 1204 3294; baseline 0.002 -16"><span class='ocrx_word' id='word_1_239' title='bbox 302 3230 359 3279; x_wconf 89' lang='lat' dir='ltr'>bari</span> <span class='ocrx_word' id='word_1_240' title='bbox 371 3232 459 3293; x_wconf 89' lang='lat' dir='ltr'>potest</span> <span class='ocrx_word' id='word_1_241' title='bbox 471 3230 530 3294; x_wconf 76' lang='lat' dir='ltr'>Dtp.</span> <span class='ocrx_word' id='word_1_242' title='bbox 563 3230 573 3293; x_wconf 92' lang='grc'>11</span> <span class='ocrx_word' id='word_1_243' title='bbox 605 3234 631 3277; x_wconf 88' lang='lat' dir='ltr'>tt</span> <span class='ocrx_word' id='word_1_244' title='bbox 654 3229 716 3280; x_wconf 84' lang='lat' dir='ltr'>furti</span> <span class='ocrx_word' id='word_1_245' title='bbox 730 3229 808 3294; x_wconf 89' lang='lat' dir='ltr'>actio]</span> <span class='ocrx_word' id='word_1_246' title='bbox 825 3235 943 3292; x_wconf 72' lang='lat' dir='ltr'>expectes</span> <span class='ocrx_word' id='word_1_247' title='bbox 956 3230 1092 3280; x_wconf 89' lang='lat' dir='ltr'>condictio</span> <span class='ocrx_word' id='word_1_248' title='bbox 1105 3229 1204 3282; x_wconf 80' lang='lat' dir='ltr'>furtiua</span> 
     </span>
    </p>
   </div>
   <div class='ocr_carea' id='block_1_10' title="bbox 0 0 1538 4826">
    <p class='ocr_par' dir='ltr' id='par_1_10' title="bbox 0 0 1538 4826">
     <span class='ocr_line' id='line_1_30' title="bbox 0 0 1538 4826; baseline 0 0"><span class='ocrx_word' id='word_1_249' title='bbox 0 0 1538 4826; x_wconf 95' lang='lat' dir='ltr'> </span> 
     </span>
    </p>
   </div>
  </div>
 </body>
</html>
