3028 4830
571 375 849 438 -3-

167 560 358 645 saesunt1).
405 581 442 624 ac
470 581 511 624 ne
541 563 574 624 in
602 561 738 640 rubricis
760 564 891 643 quidem
914 565 1013 645 ipsius
1036 565 1249 646 epitomatoris

166 647 334 710 libidinem
350 657 520 729 grassatam
536 667 606 710 esse
623 647 831 710 crediderim:
856 669 1047 731 quamquam
1063 652 1096 712 in
1111 651 1160 712 his
1175 660 1250 714 sunt

168 753 250 814 quac
280 755 316 798 eo
345 733 520 814 offendant,
553 733 638 814 quod
667 735 720 796 uel
746 737 826 797 male
854 747 1024 818 conceptae
1047 747 1121 800 sunt
1148 734 1187 817 (2.
1215 735 1245 798 7.

169 823 221 882 69.
238 821 303 901 27),
330 822 383 883 uel
405 841 470 889 non
491 829 574 882 recte
599 818 740 882 indicant
763 841 798 883 ea
822 841 903 903 quae
926 825 1003 903 ipsis
1025 823 1125 885 titulis
1147 824 1249 884 conti-

166 917 285 969 nentur
311 907 351 987 [3.
378 908 429 968 22.
456 907 528 988 23),
557 907 613 968 uel
635 907 676 968 ad
699 908 796 968 multo
818 911 956 970 minores
979 910 1058 970 iuris
1081 910 1249 989 particulas

165 995 337 1073 pertinent,
364 1012 459 1072 quam
483 1011 562 1072 quas
583 992 624 1054 ab
647 995 714 1074 ipso
728 994 859 1074 leiano
882 995 1045 1058 distinctas
1065 995 1163 1056 luisse
1179 1013 1249 1056 cre-

166 1079 266 1140 dibile
289 1081 329 1142 sit
357 1079 419 1159 (66.
448 1078 517 1160 68),
549 1079 602 1140 uel
631 1079 833 1142 materiarum
864 1100 1018 1142 conexum
1044 1081 1125 1142 male
1147 1082 1249 1146 inter-

165 1177 320 1246 rumpunt
348 1165 387 1248 (2.
414 1163 445 1226 7.
471 1164 538 1245 27).
585 1166 703 1244 atenim
733 1169 885 1229 non-hae
915 1168 1014 1246 solae,
1052 1165 1109 1228 sed
1138 1185 1247 1228 omnes

165 1252 311 1314 rubricae
341 1272 404 1314 non
433 1253 538 1318 miuus
569 1249 609 1311 ab
636 1251 760 1330 leiani
792 1253 912 1333 regulis
942 1252 1094 1316 uidentur
1125 1253 1247 1314 alienae

165 1338 266 1401 luisse
287 1357 380 1418 quam
404 1357 422 1399 a
445 1337 501 1400 Gai
524 1337 795 1418 institutionibuS‚
822 1341 854 1400 in
878 1339 994 1420 quibus
1017 1338 1161 1402 rubricae
1184 1348 1246 1400 tam

165 1443 222 1486 eae
251 1443 332 1505 quae
361 1443 379 1485 a
408 1422 537 1485 librario
568 1440 661 1504 quam
690 1443 747 1486 eae
776 1443 858 1505 quae
886 1444 903 1486 a
934 1434 1105 1488 correctore
1132 1423 1248 1492 codicis

163 1511 356 1573 Veronensis
378 1511 583 1591 interpositae
606 1519 680 1571 suut
703 1509 804 1572 isdem
826 1512 913 1572 uitiis
935 1511 1081 1574 omuibus
1104 1510 1248 1574 laborant

164 1615 247 1676 quae
276 1616 373 1677 supra
401 1597 669 1658 enumerauimus.
717 1606 749 1658 et
777 1597 1042 1676 quemadmodum
1071 1597 1126 1659 Gai
1149 1599 1248 1658 Vero-

162 1684 274 1744 nensis
297 1682 442 1744 rubricae
466 1701 527 1744 non
550 1682 753 1744 consentiunt
775 1702 845 1744 cum
868 1685 914 1744 eis
936 1702 1017 1764 quae
1041 1685 1074 1744 in
1098 1682 1154 1744 Gai
1177 1683 1248 1763 epi-

162 1778 248 1830 toma
269 1770 472 1849 Wisigotbica
501 1776 622 1846 extant,
657 1768 699 1829 ita
727 1768 873 1831 diuersae
901 1771 1032 1850 originis
1059 1769 1191 1849 uestigia
1213 1770 1246 1829 in

162 1855 306 1935 leianis
329 1855 466 1916 rubricis
488 1865 702 1934 agnoscuntur
725 1865 756 1917 et
768 1859 817 1934 co,
844 1855 929 1935 quod
944 1857 977 1916 in
993 1855 1161 1917 Collatione
1177 1855 1207 1934 6,
1227 1855 1245 1916 2

163 1940 255 2002 titulo
278 1941 314 2002 de
336 1943 452 2022 nuptiis
475 1939 700 2004 adscribuntur
722 1961 758 2002 ea
774 1961 855 2021 quae
871 1943 904 2002 in
921 1941 1027 2004 codice
1042 1937 1189 2004 Vaticano
1205 1940 1247 2001 ti·

164 2029 229 2088 tulo
247 2027 282 2088 de
297 2027 344 2088 bis
360 2029 413 2108 qui
426 2029 458 2088 to
470 2035 615 2107 potestate
630 2035 702 2090 suot
716 2027 928 2106 subiciuntur,
955 2037 985 2089 et
1002 2047 1048 2106 eo,
1075 2027 1161 2108 quod
1177 2027 1247 2089 Gol-

163 2114 238 2174 latio
263 2115 319 2192 66,
347 2116 363 2174 6
396 2113 554 2174 rubricam
581 2113 617 2175 de
639 2115 778 2196 tepttt'mis
800 2113 1018 2176 hereditatibus
1041 2115 1131 2191 citat,
1165 2131 1246 2192 quae

163 2200 327 2279 Epitomae
350 2209 398 2260 est
420 2199 456 2266 de
479 2199 617 2281 lepitt'mis
639 2199 811 2261 heredibus.
851 2219 926 2262 sane
946 2220 986 2276 ex
1000 2200 1050 2260 his
1067 2199 1246 2262 Collatiouis

163 2286 240 2346 locis‘
263 2286 365 2366 colligi
388 2286 502 2364 nequit
523 2284 667 2346 rubricas
689 2284 730 2346 ab
753 2287 819 2366 ipso
842 2285 974 2366 leiano
1001 2287 1133 2347 insertas
1157 2304 1242 2346 esse:

163 2391 237 2433 nam
268 2371 324 2432 Gai
354 2389 480 2452 quoque
508 2373 611 2451 capita
634 2371 762 2432 Collatio
793 2371 931 2432 rubricis
960 2373 1144 2452 praemissis
1173 2373 1246 2434 citat

168 2459 232 2536 (66,
251 2459 281 2536 2,
301 2457 346 2539 9).
383 2458 489 2536 itaque
512 2477 582 2518 cum
606 2456 763 2536 quaedam
786 2457 931 2518 rubricae
952 2459 1013 2535 (66.
1035 2458 1084 2517 63.
1107 2457 1155 2538 66)
1182 2476 1245 2518 non

162 2563 242 2604 uere
265 2563 302 2604 ea
324 2542 474 2618 indicent,
502 2562 583 2622 quae
607 2543 700 2604 hodic
724 2545 756 2604 in
772 2544 915 2623 Epitoma
930 2545 1091 2628 leguntur,
1116 2542 1174 2605 sed
1188 2562 1246 2623 po-

162 2631 227 2691 tius
251 2630 408 2710 integrum
429 2630 555 2709 leiani
577 2649 656 2709 opus
678 2631 864 2709 respiciant,
894 2629 1039 2691 rubricas
1060 2631 1246 2710 priusquam

162 2717 306 2795 Epitoma
330 2716 538 2776 conficeretur
559 2717 647 2795 operi
671 2714 789 2777 inditas
811 2734 881 2776 esse
905 2726 1151 2778 cousentaneum
1174 2725 1232 2776 est.

249 2802 377 2863 Initium
406 2801 510 2881 operis
539 2802 572 2862 in
602 2800 709 2863 codice
731 2802 879 2864 Vaticano
907 2802 1100 2882 singularem
1123 2802 1156 2862 in
1178 2818 1246 2861 mo-

163 2887 241 2950 dum
263 2886 428 2949 confusum
451 2895 509 2948 est.
556 2907 629 2948 nam
652 2897 722 2968 post
743 2889 870 2949 titulum
893 2890 985 2969 incip.
1010 2888 1093 2950 tituli
1113 2905 1155 2948 ea:
1177 2904 1246 2946 cor-

158 2993 237 3054 pore
258 2974 380 3054 ulpiani
407 2983 588 3053 sequuntur
615 2972 716 3038 uerba
745 2974 840 3036 huius
869 2972 1017 3036 editionis
1044 2992 1077 3053 p.
1103 2971 1177 3032 511.
1205 2972 1242 3031 66

161 3061 258 3120 moris
292 3061 347 3139 (sic
369 3058 478 3140 codex)
508 3106 515 3120 .
544 3106 551 3120 .
579 3106 586 3119 .
614 3060 652 3118 66
686 3062 893 3121 inueteratae:
934 3061 991 3120 hos
1013 3059 1126 3138 excipit
1148 3054 1246 3118 index

163 3144 363 3207 rubricarum
386 3146 501 3224 operiS,
527 3145 612 3207 hunc
634 3147 703 3225 ipse
724 3147 846 3226 primus
867 3145 979 3208 titulus
1002 3164 1063 3225 quo
1086 3145 1188 3224 agitur
1204 3141 1245 3204 de

162 3231 466 3293 manumissionibus
489 3241 521 3292 et
543 3231 584 3292 de
606 3230 748 3309 libertis,
780 3240 916 3292 attamen
945 3232 997 3292 hic
1026 3239 1175 3291 tractatus
1204 3227 1244 3289 de

161 3317 286 3379 libertis
308 3319 341 3378 in
363 3315 468 3378 media
490 3317 648 3378 sententia
675 3317 716 3396 (p.
743 3318 780 3394 6,
806 3316 835 3397 3)
862 3317 1080 3396 abrumpitur,
1113 3325 1144 3376 et
1169 3333 1245 3375 con-

161 3405 252 3465 tinuo
275 3405 419 3484 sequitur
442 3403 651 3483 fragmentum
675 3401 714 3464 de
730 3401 856 3482 legibus
872 3403 961 3464 initio
976 3403 1122 3464 mutilum
1150 3399 1189 3481 (p.
1209 3399 1241 3478 5,

162 3491 300 3571 2-63),
340 3491 429 3569 quasi
464 3491 521 3550 boo
549 3487 692 3550 eiusdem
719 3488 804 3550 tituli
835 3500 958 3568 partem
985 3487 1138 3564 efficeret,
1176 3495 1243 3547 tum

161 3585 314 3638 tractatus
336 3575 377 3637 de
399 3575 524 3637 libertis
547 3575 756 3652 continuatur,
784 3575 825 3634 ita
847 3584 963 3652 tamen,
989 3584 1024 3634 ut
1045 3582 1172 3654 praeter
1187 3591 1244 3633 ex-

162 3672 263 3724 trema
284 3661 384 3724 uerba
406 3663 580 3723 sententiae
602 3679 698 3741 supra
720 3660 874 3740 abruptae
896 3661 955 3722 alia
976 3658 1130 3740 quaedam
1144 3659 1245 3719 inter-

162 3747 279 3810 cidisse
302 3749 406 3828 palam
429 3750 480 3809 sit.
524 3765 605 3828 quae
628 3745 769 3808 confusio
792 3745 1054 3826 quemadmodum
1077 3753 1168 3806 enata
1190 3745 1241 3822 sit,

161 3837 333 3898 Mommsen
355 3835 518 3915 ingeniose
541 3832 815 3914 demonstrauit2).
861 3833 889 3893 is
911 3834 1013 3907 enim,
1044 3833 1099 3911 qui
1121 3831 1244 3911 primus

161 3923 330 4002 Epitomen
358 3921 419 4001 legi
445 3922 600 3981 llomanae
631 3918 761 3997 adiecit,
794 3919 955 3998 Epitomae
984 3915 1124 3978 codicem
1155 3917 1243 3977 initio

1146 4053 1241 4066 νννννν

232 4126 252 4261 i}
273 4129 542 4261 dipiadi'dcgbsssu
556 4194 598 4245 eu.
613 4195 757 4257 soeclrng.
785 4195 860 4242 esse.
886 4206 913 4257 p.
929 4195 986 4241 ur.

1001 4282 1010 4326 ⁴
1022 4275 1037 4308 1
