3028 4830
541 386 627 399 --
671 355 710 416 65
755 389 841 400 --
1008 353 1081 406 Paul.
1095 355 1128 414 ll,
1146 357 1184 404 tt.
1201 357 1231 402 ta

145 545 237 603 *meo
252 541 395 623 deposita
410 543 546 623 pecunia
563 543 590 603 is
606 561 705 622 penes
722 561 817 622 quem
834 541 975 623 deposita
992 551 1041 604 est
1055 551 1179 622 utatur,
1197 553 1233 605 ut

146 629 200 688 *in
223 630 338 690 ceteris
353 628 454 690 bonae
470 627 544 689 fidei
566 627 692 688 iudiciis
713 647 826 690 usuras
842 629 911 690 eius
926 630 1054 690 nomine
1070 638 1233 708 praestare

109 716 127 773 6
146 715 246 775 *mibi
262 715 393 796 cogitur.
419 713 469 774 Ob
484 733 535 775 res
551 713 710 794 depositas
722 713 812 776 dolus
828 723 949 776 tantum
966 716 1123 794 praestari
1139 717 1229 777 solet.

95 803 129 860 6⁵
145 802 258 862 *latae
273 801 384 880 culpae
400 799 472 861 linis
489 809 613 861 estnon
630 800 817 880 intellegere
833 799 866 862 id
882 800 966 880 quod
982 819 1090 862 omnes
1106 802 1234 863 intelle-

109 886 127 946 7
145 888 278 966 *gunt*
319 888 354 947 ln
376 885 493 947 iudicio
515 885 648 966 depositi
673 905 713 947 ex
734 905 819 948 mora
847 896 878 948 et
899 886 1020 948 fructus
1044 888 1179 948 ueniunt
1200 897 1265 950 ete

108 975 127 1031 8
145 991 264 1033 usurae
280 973 327 1034 roi
343 971 503 1051 depositae
519 980 731 1052 praestantur.
770 974 822 1034 *si
839 974 910 1052 quis
925 992 993 1034 rem
1008 992 1108 1052 penes
1123 992 1158 1034 se
1174 973 1233 1035 de-

145 1059 299 1138 *positam
315 1057 400 1138 apud
415 1059 510 1119 alium
527 1057 725 1138 deposuerit,
744 1069 808 1119 tam
824 1060 890 1139 ipse
906 1058 1074 1137 directam,
1094 1078 1187 1139 quam
1205 1061 1232 1120 is

145 1145 223 1224 *qui
238 1143 325 1224 apud
340 1163 412 1206 eum
425 1144 571 1224 deposuit
586 1144 695 1204 utilem
712 1145 866 1208 actionem
883 1144 1017 1225 depositi
1029 1144 1146 1206 habere
1158 1165 1232 1226 pos-

109 1233 127 1290 9
144 1232 252 1292 *sunt
292 1231 325 1291 Si
341 1231 507 1311 pecuniam
523 1229 698 1310 deposuero
714 1248 808 1310 eaque
821 1233 868 1292 uti
882 1230 939 1291 tibi
957 1233 1141 1311 permisero,
1161 1251 1232 1293 mu-

144 1318 220 1378 *tua
239 1317 340 1396 magis
361 1316 491 1378 uidetur
512 1334 606 1395 quam
627 1315 787 1396 deposita,
812 1336 849 1378 ac
869 1335 927 1396 per
941 1317 999 1378 hoo
1018 1317 1162 1396 periculo
1179 1327 1232 1378 tuo
1251 1327 1281 1372 to

90 1404 126 1462 ld
145 1404 238 1463 *erit
285 1403 318 1463 Si
341 1421 407 1464 rem
428 1401 514 1482 apud
535 1411 566 1464 te
588 1401 762 1482 depositam
782 1401 967 1466 uendideris
990 1421 1122 1483 eamque
1147 1411 1233 1484 post-

144 1489 257 1568 *quam
284 1487 458 1552 redemeris
486 1487 683 1568 perdideris,
722 1488 821 1550 semel
848 1488 985 1550 admisso
1014 1487 1084 1550 dolo
1112 1509 1232 1569 perpe-

89 1576 121 1634 ll
144 1576 219 1636 *tna
234 1573 370 1654 depositi
385 1575 507 1636 actione
524 1573 697 1636 teneberis
737 1575 785 1634 Ex
800 1593 893 1636 causa
909 1574 1044 1654 depositi
1066 1575 1135 1654 lege
1152 1575 1232 1636 dno-

145 1659 270 1721 *deoim
290 1659 468 1722 tabularum
487 1661 519 1720 in
535 1659 667 1740 duplum
683 1661 762 1722 actio
778 1660 889 1738 datur,
908 1660 1011 1722 edicto
1026 1663 1182 1741 praetoris
1198 1663 1229 1721 in

88 1748 125 1807 ta
145 1746 348 1825 *simplum*
384 1747 419 1806 ln
435 1765 529 1808 causa
554 1745 690 1826 depositi
711 1749 959 1826 compensationi
980 1747 1067 1808 locus
1088 1757 1226 1824 nonest,
1251 1757 1282 1801 ⁴5

145 1831 204 1893 sed
220 1851 271 1892 res
286 1834 353 1911 ipsa
369 1831 533 1894 reddenda
548 1842 606 1894 cst.

650 2002 723 2085 tun]

109 2125 120 2182 l
232 2121 363 2185 Debitor
384 2123 542 2184 distractis
563 2121 688 2185 fiduciis
708 2142 726 2184 a
749 2122 906 2184 creditore
929 2123 968 2185 de
990 2123 1151 2203 superfluo
1175 2123 1233 2184 ad-

95 2212 127 2268 l³
144 2227 261 2271 uersus
277 2229 350 2271 eum
373 2208 468 2270 habet
489 2211 654 2270 actionem.
693 2210 745 2270 *si
767 2220 872 2271 autem
895 2209 1017 2272 tardius
1032 2209 1230 2288 superfluum

144 2295 311 2357 *restituat
326 2295 464 2358 creditor
480 2295 512 2356 id
527 2295 613 2374 quod
629 2294 714 2375 apud
730 2315 802 2359 eum
818 2295 997 2376 depositum
1013 2305 1071 2374 est,
1090 2315 1130 2358 ex
1145 2314 1230 2356 mora
1250 2307 1281 2351 ao

144 2382 262 2442 *etiam
281 2401 395 2446 usuras
415 2380 552 2444 debitori
574 2382 632 2442 hoc
654 2384 782 2442 nomine
804 2392 964 2462 praestare
987 2381 1147 2461 cogendus
1170 2391 1228 2442 est.

96 2463 127 2528 lb
144 2467 244 2528 *Cum
260 2466 385 2530 debitor
396 2468 530 2548 gratuita
543 2469 679 2547 pecunia
690 2477 806 2545 utatur,
827 2467 1077 2548 potestcreditor
1088 2467 1128 2528 de
1145 2466 1233 2530 fruc-

144 2551 252 2614 *tibus
267 2555 314 2614 rei
336 2553 399 2615 sibi
420 2555 603 2634 pigneratae
618 2553 659 2614 ad
674 2553 800 2614 modum
823 2554 998 2633 legitimum
1020 2572 1134 2616 usuras
1149 2554 1232 2614 reti-

108 2639 277 2707 2*nere.⁴l
314 2639 478 2719 Quidquid
499 2638 637 2700 creditor
653 2658 712 2718 per
735 2639 935 2701 fiduciarium
957 2659 1087 2702 seruum
1103 2641 1232 2718 quaesi-

107 2727 124 2785 3
145 2725 206 2803 uit,
225 2734 339 2786 sortem
353 2725 453 2786 debiti
470 2726 594 2786 minuit.
610 2723 750 2786 ‘Debitor
764 2725 912 2786 creditori
928 2725 1071 2787 uendere
1083 2725 1230 2787 fiduciam
1250 2734 1282 2779 25

145 2829 210 2870 non
226 2821 347 2890 potest:
372 2811 431 2874 sed
445 2812 499 2872 alii
515 2812 542 2872 si
557 2811 637 2872 uelit
652 2810 794 2872 uendere
809 2821 930 2891 potest,
955 2812 998 2871 ita
1019 2821 1054 2872 ut
1074 2831 1114 2872 ex
1128 2805 1230 2891 pretio

145 2896 290 2958 eiusdem
306 2898 473 2977 pecuniam
495 2897 605 2958 offerat
620 2895 787 2975 creditori,
811 2898 966 2978 atqueita
985 2897 1230 2976 remancipatam
1249 2903 1251 2907 ’

108 2987 123 3045 i
145 2981 207 3042 sibi
225 3002 292 3044 rem
308 2985 440 3062 emptori
455 2991 606 3062 praestet.
647 2983 680 3044 Si
696 3001 755 3062 per
769 2983 962 3062 suppositam
979 3000 1144 3061 personam
1161 3002 1232 3043 cre-

145 3067 233 3128 ditor
247 3069 364 3148 pignns
384 3089 476 3132 suum
493 3069 593 3130 inuito
607 3067 753 3130 debitore
769 3071 1015 3148 comparauerit,
1034 3069 1151 3146 emptio
1166 3087 1230 3128 non

147 3153 278 3216 uidetur
293 3164 324 3216 et
339 3154 409 3216 ideo
428 3154 619 3235 quandoque
635 3155 680 3216 lui
696 3163 814 3234 potest:
842 3174 881 3216 ex
896 3155 952 3218 hoc
971 3155 1056 3215 enim
1071 3169 1166 3216 causa
1179 3154 1231 3234 pi·
1249 3165 1280 3209 ao

218 3397 259 3453 ta,
274 3396 288 3441 a
301 3413 334 3436 ==
352 3393 458 3445 eortauo
472 3398 513 3455 to,
528 3395 583 3454 r,e
606 3391 618 3454 ιι
643 3397 684 3454 te,
700 3397 729 3440 ea
741 3413 773 3436 =
787 3393 846 3458 nep.
862 3397 904 3454 ao,
921 3396 961 3452 tc,
977 3395 1024 3441 aaa
1050 3393 1061 3456 ιι
1091 3395 1129 3451 ra,
1145 3395 1225 3440 r-ra

146 3461 483 3524 =cotrauoto,r,7-tt
510 3461 521 3524 ιι
546 3459 859 3526 ta‚r⁸=nrp.ta,7‚r
885 3462 896 3526 ιι
921 3458 1229 3525 cubaretque

992 3597 1145 3611 'vvavvvxlxwx
1157 3599 1160 3607 t
1171 3596 1231 3608 mxx*

217 3688 230 3732 5
243 3686 271 3734 et
279 3682 393 3746 fructus]
407 3683 481 3744 Coti,
495 3681 599 3733 fructus
608 3684 706 3732 codices
729 3683 739 3746 ΙΙ
765 3686 779 3730 6
791 3684 963 3747 praestantur
975 3681 1049 3742 cett,
1060 3681 1232 3745 postulentur

144 3755 174 3815 L,
188 3753 362 3819 postulentur
372 3753 402 3802 lli
422 3751 433 3814 ΙΙ
458 3755 471 3800 7
485 3751 617 3816 direptam
628 3753 725 3801 codices
749 3751 759 3813 ΙΙ
785 3755 798 3799 9
812 3765 897 3814 eaque
906 3752 946 3800 uti
957 3751 1072 3810 Blulrmc,
1087 3764 1146 3799 eam
1159 3751 1231 3800 hanc

143 3837 228 3886 quem
241 3824 297 3882 (cm.
310 3825 338 3870 to
348 3821 408 3886 que)
424 3821 512 3882 Celtl’,
524 3833 639 3884 eamque
651 3819 736 3869 Coll.w
749 3819 827 3870 Coll.v
848 3819 859 3883 Ιι
879 3821 1031 3884 promisero
1044 3819 1129 3869 Coll.w
1140 3818 1230 3880 eottr,

144 3893 325 3941 commissero
347 3889 425 3939 cour
471 3890 482 3952 ιι
529 3893 556 3937 tt
578 3892 722 3954 postquam
741 3888 898 3951 redemeris]
919 3888 1069 3937 redemeris
1086 3891 1230 3952 postquam

148 3961 237 4020 dour,
259 3959 361 4008 redem.
377 3971 435 4007 cam
451 3960 594 4022 postquam
616 3957 711 4017 tortu,
732 3957 836 4006 redem.
851 3970 964 4020 eamque
978 3961 1122 4020 postquam
1141 3956 1229 4017 octav,

144 4029 249 4079 redem.
263 4031 395 4092 postcom
412 4025 532 4076 Cuiactua
564 4027 575 4090 ΙΙ
609 4030 739 4090 perpetua
756 4025 844 4085 Cotta,
857 4029 1015 4090 perpetuam
1031 4023 1119 4086 totle,
1132 4039 1232 4090 perpe-

145 4102 192 4148 tuo
209 4097 296 4148 Coti.w
334 4096 357 4158 ll
385 4099 415 4143 tt
435 4095 567 4144 mtrlcom
579 4095 614 4144 de
628 4096 685 4157 lege
699 4095 895 4156 commissoria‚
910 4106 987 4154 quom
999 4095 1097 4143 codices
1109 4092 1201 4158 tater§
1217 4098 1230 4141 5

144 4173 169 4217 ct
182 4171 197 4215 6
209 4168 337 4221 enecant,
353 4165 410 4213 laic
423 4166 477 4214 loco
488 4166 658 4214 restituerunt
669 4165 725 4212 cdd.

1007 4251 1020 4297 t
