3028 4830
229 1459 574 1564 Iurisbnteiustiniani
589 1501 707 1582 sylloge
722 1521 817 1582 qnam
833 1503 884 1564 hic
895 1511 997 1566 tomus
1008 1504 1227 1593 complectitur

142 1588 321 1652 continuari
332 1587 419 1650 uolui
428 1585 615 1650 Gaianarum
627 1589 861 1652 Institutionum
873 1587 1044 1653 editionem
1057 1608 1139 1652 anno
1150 1609 1226 1670 pro-

141 1675 228 1736 ximo
254 1693 272 1736 a
294 1672 450 1738 Guilelmo
472 1671 672 1738 Studamund
701 1694 824 1736 mecum
854 1684 1009 1737 curatam:
1042 1674 1226 1738 absoluctur

143 1769 249 1822 autem
271 1768 335 1822 tota
355 1758 495 1820 collectio
515 1757 669 1822 librorum
692 1760 772 1822 iuris
786 1757 1031 1824 Anteiustiniani
1054 1761 1148 1824 tertio
1170 1764 1224 1841 qui

145 1865 239 1926 quem
260 1847 404 1927 proxime
425 1844 494 1906 fleri
514 1845 632 1925 poterit
647 1844 761 1910 edetur
775 1855 874 1924 tomo,
901 1865 963 1926 quo
977 1848 1124 1909 Vaticana
1140 1846 1226 1926 frag-

145 1940 249 1994 menta
266 1941 298 1994 et
314 1931 442 1994 Collatio
458 1930 650 1994 aTheodoro
661 1933 832 1994 Mommsen
847 1933 1015 2012 recensita,
1035 1933 1226 1996 Consultatio
1335 1963 1339 1971 ·

144 2027 175 2080 ot
190 2016 342 2084 Codicum
357 2017 541 2096 Gregoriani
564 2027 597 2079 et
611 2019 854 2098 Hermogeniani
877 2018 1030 2098 reliquiae
1049 2027 1080 2082 et
1094 2017 1227 2100 Appen·

143 2103 232 2166 dices
246 2105 338 2185 Lagis
352 2105 508 2166 Romanae
523 2103 769 2184 wisigothorum
790 2123 808 2166 a
824 2123 875 2168 mc
891 2106 1070 2186 recognitae
1085 2106 1227 2168 contine·
1331 2159 1333 2164 .

144 2189 276 2252 buntur.

229 2275 276 2339 De
298 2273 481 2338 condicione
504 2274 751 2355 fragmentorum
766 2294 849 2355 quae
865 2278 923 2338 hoc
937 2285 1020 2340 tomo
1035 2276 1227 2340 exhibentur

144 2381 216 2425 cum
233 2362 474 2442 exposuerimus
496 2362 529 2422 in
544 2359 793 2440 praefationibus
808 2362 860 2424 uel
875 2361 1130 2426 adnotationibus
1144 2365 1227 2442 qu'ae

143 2448 278 2528 singulis
293 2447 485 2528 praemissae
501 2447 554 2509 uel
568 2445 711 2510 adnexae
728 2458 818 2526 sunt,
836 2449 894 2510 hoc
909 2449 975 2510 loco
989 2467 1090 2529 pauca
1105 2450 1137 2512 in
1152 2450 1228 2512 uni-

143 2553 274 2598 uersum
288 2530 522 2614 praemonenda
537 2542 622 2596 sunt.

230 2620 318 2681 Hanc
333 2619 548 2680 collectionem
563 2637 753 2698 quamquam
769 2619 946 2680 scholarum
962 2621 1035 2681 usui
1051 2618 1228 2684 destinaui-
1275 2635 1277 2640 ’

144 2724 232 2784 mus,
255 2714 361 2768 tamen
381 2705 476 2785 plena
490 2705 686 2786 supellectile
702 2705 809 2766 critica
824 2706 1034 2767 instruximus
1049 2724 1154 2786 neque
1170 2704 1228 2767 de-

144 2793 229 2854 lectu
251 2790 412 2853 uariarum
433 2791 604 2854 lectionum
626 2791 765 2854 contenti
783 2788 900 2854 fuimus
915 2791 978 2852 nisi
993 2793 1026 2853 in
1043 2790 1228 2872 fragmentis

145 2897 186 2938 ox
208 2876 279 2938 aliis
300 2875 392 2938 libris
412 2876 537 2957 petitis,
564 2895 698 2956 quorum
719 2876 847 2940 criticae
868 2876 1023 2940 editiones
1038 2877 1089 2939 uel
1106 2885 1225 2955 extant,

144 2962 235 3026 uelut
255 2963 453 3042 Digestorum
477 2962 730 3040 Iustiniancrum,
754 2962 806 3024 uel
822 2964 854 3024 in
876 2963 969 3024 tertio
990 2973 1072 3024 tomo
1095 2960 1228 3023 exhibe-

145 3048 278 3110 buntur.
318 3057 459 3110 cetarum
479 3056 543 3110 tam
566 3066 606 3109 ex
626 3048 676 3109 his
698 3047 935 3110 collectionibus
955 3065 1050 3128 quam
1073 3067 1112 3109 ax
1134 3047 1229 3110 lusti-

145 3136 240 3196 niana
255 3133 473 3214 compilatione
489 3143 636 3214 excerpta
652 3133 730 3195 iuris
745 3133 866 3214 antiqui
882 3135 914 3195 in
926 3133 984 3196 hoc
996 3132 1134 3199 secundo
1146 3142 1228 3194 tomo

145 3238 208 3282 non
229 3219 437 3300 repetiuimus
459 3219 521 3280 nisi
544 3218 585 3281 ad
607 3219 693 3281 Pauli
716 3220 890 3282 sententias
911 3228 943 3281 et
963 3219 1088 3299 leiani
1112 3219 1228 3280 librum

146 3306 328 3386 regularum
345 3303 622 3386 redintegrandos,
641 3313 677 3368 ut
691 3304 839 3366 omnibus
854 3305 965 3367 horum
980 3323 1127 3385 operum,
1146 3323 1228 3383 quae

146 3393 265 3472 etipsa
288 3392 421 3454 seorsim
441 3389 556 3453 tradita
584 3399 669 3469 sunt,
693 3389 877 3470 fragmentis
892 3392 1071 3471 compositis
1091 3390 1229 3470 genuina

145 3497 255 3542 eorum
271 3476 369 3539 forma
384 3478 489 3558 aliquo
506 3475 596 3540 modo
611 3485 866 3558 recuperaretur.

232 3566 266 3625 ln
289 3572 438 3625 contextu
454 3561 603 3624 editionis
618 3562 777 3623 inclinatis
793 3561 907 3624 litteris
924 3581 961 3623 ea
977 3579 1126 3641 expressa
1141 3569 1225 3638 sunt,

146 3649 179 3712 in
199 3648 319 3730 quibus
338 3648 392 3711 uel
413 3667 430 3710 a
450 3647 566 3710 tradita
586 3648 721 3710 lectione
745 3646 958 3709 recedendum
981 3654 1048 3708 arat
1070 3646 1121 3709 uel
1137 3646 1230 3707 lectio

145 3737 214 3817 ipsa
234 3743 365 3816 proptor
386 3733 528 3796 mutilam
549 3742 714 3796 contextus
735 3731 951 3796 condicionem
968 3730 1142 3814 supplendi
1160 3730 1231 3793 offi-

145 3822 229 3883 cium
244 3819 434 3902 postulabat,
453 3819 487 3882 id
503 3820 599 3881 estin
617 3820 662 3882 eis
677 3819 849 3900 opusculis,
867 3836 948 3899 quaa
964 3837 1026 3881 uno
1042 3817 1149 3880 codice
1166 3817 1229 3880 solo

145 3916 272 3970 seruata
287 3916 372 3969 sunt.
413 3914 509 3986 atque
531 3924 593 3986 quo
612 3903 736 3970 facilius
751 3905 784 3966 in
801 3905 851 3966 his
866 3904 1010 3967 lectionis
1024 3904 1163 3966 hiatibus
1178 3922 1231 3964 co-

145 3992 226 4055 dicis
242 3991 384 4065 condicio
400 4011 441 4053 ex
456 3993 526 4072 ipsa
541 3989 679 4054 editione
695 4001 945 4069 cognosceretur,
968 3990 1163 4070 singulorum
1178 4007 1231 4050 co-

146 4078 227 4141 dicis
241 4096 393 4141 uersuum
409 4076 489 4138 fines
504 4077 587 4138 linea
604 4072 627 4158 l,
650 4077 836 4157 paginarum
861 4075 938 4138 lines
961 4077 1054 4138 lincis
1068 4071 1078 4159 ΙΙ
1096 4093 1158 4135 non
1178 4093 1231 4134 se-

146 4183 202 4228 cus
222 4173 318 4245 atque
342 4163 375 4224 in
391 4163 447 4226 Gai
470 4162 607 4226 editione
629 4161 858 4240 iudicauimus,
884 4171 915 4224 et
936 4161 993 4224 ubi
1013 4162 1133 4223 hiatum
1155 4160 1230 4220 satis
