3028 4830
301 337 375 388 Paul.
390 339 423 397 ΙΙ,
438 340 504 386 4-7
690 371 776 384 ..-.
820 339 860 402 62
904 371 990 384 .-

302 528 328 588 si
344 527 377 586 in
393 526 486 587 aliam
507 545 632 588 oausam
647 525 832 588 commodati
848 534 936 604 sunt,
962 527 1042 588 actio
1065 527 1251 589 commodati
1270 527 1380 588 datur:

302 610 443 674 custodia
459 613 544 674 euim
559 621 590 674 et
605 611 766 692 diligentia
783 613 828 674 rei
844 612 1055 674 commodatae
1072 611 1260 693 praestanda
1278 623 1335 674 est.

265 783 282 841 4
389 784 422 844 Si
437 802 504 844 rem
525 786 719 845 aestimatam
734 783 793 846 tibi
809 783 942 862 dedero,
969 794 1004 846 ut
1019 803 1055 846 ea
1071 782 1221 846 distracta
1242 786 1384 865 pretium

302 867 342 930 ad
354 889 403 930 me
417 868 568 949 deferres,
588 888 686 949 eaque
699 870 847 950 perierit:
867 870 894 930 si
910 868 1039 949 quidem
1055 889 1111 948 ego
1127 879 1158 930 te
1174 872 1295 950 rogaui,
1314 890 1384 931 meo

302 955 443 1035 periculo
464 957 563 1036 perit:
594 957 620 1017 si
643 966 676 1017 tn
704 955 744 1017 de
766 954 934 1017 uendenda
956 956 1148 1036 promisisti‚=
1167 964 1220 1016 tuo
1242 957 1416 1036 periculos

300 1042 395 1121 perit.

685 1245 713 1326 [r
756 1265 792 1307 nn
816 1247 997 1326 monomnvs]
1041 1259 1043 1263 ·

266 1367 277 1425 4
388 1364 531 1427 Creditor
552 1366 578 1426 si
602 1366 788 1445 simpliciter
803 1366 864 1431 sibi
879 1368 996 1447 pignus
1012 1367 1189 1447 depositum
1206 1366 1387 1429 distrahere

301 1452 390 1530 uelit,
407 1461 457 1513 ter
467 1461 540 1512 ante
556 1450 744 1513 denuntiare
761 1452 896 1513 debitori
920 1472 975 1515 suo
992 1453 1101 1529 debet,
1121 1463 1157 1514 ut
1172 1455 1290 1534 pignus
1306 1454 1383 1532 luat,

264 1539 283 1599 2
302 1557 342 1599 ne
358 1557 376 1598 a
392 1556 424 1598 se
447 1536 650 1598 distrahatur.
691 1540 784 1599 Fetus
800 1540 853 1599 uel
876 1549 986 1619 partus
1010 1540 1078 1600 eius
1098 1541 1145 1599 rei
1162 1557 1243 1618 quae
1259 1541 1390 1620 pignori
1407 1554 1435 1597 to

301 1624 373 1685 data
389 1633 436 1684 est
450 1624 590 1704 pignoris
604 1624 673 1684 iure
689 1642 752 1684 uon
768 1633 910 1702 tenetur,
939 1625 1000 1686 nisi
1024 1625 1082 1686 hoc
1097 1627 1181 1686 inter
1196 1628 1389 1686 contrahen-

301 1720 349 1770 tes
364 1711 559 1770 conuenerit.

264 1881 282 1941 3
389 1880 606 1960 Compensatio
629 1880 730 1942 debiti
754 1901 793 1942 ex
815 1883 884 1961 pari
900 1883 1006 1962 specie
1029 1892 1060 1944 et
1075 1901 1168 1944 causa
1191 1881 1313 1964 dispari
1329 1883 1388 1945 ad-

303 1967 453 2028 mittitur:
472 1968 561 2027 uelut
577 1967 603 2027 si
619 1969 787 2047 pecuniam
802 1967 861 2028 tibi
876 1967 1011 2030 debeam
1027 1977 1058 2029 et
1072 1978 1107 2030 tu
1123 1969 1201 2029 mihi
1216 1971 1386 2050 pecuniam

303 2051 429 2130 debeas,
449 2062 502 2112 aut
514 2051 707 2114 frumentum
722 2063 776 2114 ant
788 2063 890 2115 cetera
904 2053 1096 2133 huiusmodi;
1114 2055 1187 2116 licet
1199 2075 1239 2116 ex
1256 2055 1387 2117 diuerso
1408 2068 1435 2111 ts
1505 2131 1506 2138 ἵ

295 2147 478 2215 contractu,
505 2151 706 2217 compensare
727 2141 779 2200 uel
796 2139 953 2201 deducere
978 2140 1087 2202 debes:
1115 2142 1142 2201 si
1157 2149 1258 2202 totum
1282 2151 1384 2221 petar,

303 2224 375 2302 plus
390 2221 526 2302 petendo
542 2243 633 2285 causa
650 2224 746 2286 cadis.

511 2427 551 2509 [vr
594 2448 631 2490 on
654 2449 876 2492 nxnnorromars
898 2451 932 2491 nr
956 2431 1164 2514 msrrromovs]

389 2548 486 2608 Filius
508 2547 641 2610 familias
664 2553 690 2611 si
707 2552 869 2614 uoluntate
891 2553 990 2631 patris
1012 2571 1126 2613 nauem
1143 2562 1292 2614 exerceat
1329 2571 1386 2632 pa-

304 2644 383 2695 trem
400 2633 433 2693 in
449 2633 581 2696 solidum
596 2635 635 2696 ob
650 2655 684 2696 ea
701 2655 781 2716 quae
798 2638 884 2698 salua
899 2639 1055 2718 receperit
1071 2637 1198 2718 obligat.
1406 2653 1435 2696 co

638 2841 691 2923 [vu
735 2862 772 2903 ao
794 2861 888 2904 noenu
910 2844 1051 2922 nuonrau]

268 2963 279 3020 4
390 2961 555 3022 Leuandae
577 2963 667 3022 nauis
691 2963 791 3042 gratia
813 2963 912 3024 iactus
935 2982 1006 3024 cum
1028 2963 1181 3024 mercium
1204 2963 1308 3026 factus
1325 2974 1382 3041 est,

304 3049 444 3108 omnium
457 3047 664 3108 irrtributione
676 3049 841 3127 sarciatur,
860 3047 944 3128 quod
959 3067 1015 3128 pro
1027 3049 1174 3110 omnibus
1191 3051 1308 3110 iactum
1324 3059 1383 3111 est.

310 3219 387 3231 ιυννω
391 3218 715 3230 ΑΛΛΛΛΛΛΛΛΛΛΛΛΑΛᾸΛΛΛΛ]
719 3218 1034 3230 ιΛΛΛἉΛΛΛΛΛΛΛΛΛΛΛΛΛΛΙυ
1219 3221 1272 3232 ΑΛΛ]
1280 3221 1385 3233 ,ΛΛΛΛΛΛΛ

305 3322 417 3370 codices:
437 3321 469 3383 of.
486 3321 666 3381 loterprctotio
682 3322 705 3370 si
718 3335 827 3372 sernum
840 3322 884 3373 uel
897 3335 998 3386 equum
1010 3322 1055 3372 uel
1067 3325 1324 3392 quaecumqueflalia
1336 3326 1387 3374 ati-

305 3391 366 3452 quis
378 3388 413 3438 ab
425 3389 508 3440 attero
521 3389 555 3438 ad
566 3403 633 3439 usus
645 3391 833 3440 tantummodo
846 3390 984 3441 seruiendi
1002 3391 1173 3442 commodata
1191 3396 1344 3457 susceperit
1360 3398 1387 3443 et

305 3471 352 3508 eos
364 3457 399 3508 ad
411 3471 529 3522 pugnam
541 3458 585 3506 uel
598 3458 647 3507 ubi
658 3459 731 3508 uitae
743 3459 895 3524 periculum
907 3461 1046 3509 incurrant
1057 3459 1165 3510 duxerit

374 3530 388 3576 t
408 3527 442 3576 de
453 3526 598 3576 uendenda
611 3528 647 3586 Μ,
663 3530 688 3576 te
700 3528 844 3578 uendenda
857 3530 886 3588 t,
901 3527 1070 3578 defendenda
1083 3529 1162 3578 dett:
1180 3530 1202 3578 si
1215 3543 1274 3579 rem
1287 3544 1386 3595 accep-

305 3597 360 3644 tam
378 3608 433 3644 non
451 3599 562 3658 rogante
580 3595 706 3657 domino,
727 3597 775 3646 sed
792 3599 965 3661 promittente
978 3597 1014 3647 'eo
1033 3598 1079 3661 qui
1097 3599 1212 3662 accepit,
1233 3599 1301 3648 dum
1320 3600 1385 3650 uelit

304 3664 482 3724 uenumdare‚
502 3664 650 3728 perdiderit
663 3665 858 3727 interpretatio:
875 3666 986 3728 sortasse
1004 3667 1027 3715 si
1045 3669 1074 3714 tu
1092 3668 1117 3715 te
1129 3666 1309 3716 uenditarum
1321 3683 1386 3734 pro-

305 3733 404 3782 misisti
415 3746 467 3782 scr.
510 3733 521 3796 tl
564 3737 593 3781 40
612 3734 726 3798 pignori]
747 3735 866 3798 pigneris
878 3736 975 3784 codices
1010 3735 1020 3797 ΙΙ
1057 3739 1083 3782 44
1107 3738 1386 3786 nonteneturLoum

307 3801 430 3862 interpr„
444 3803 576 3852 retinetur
588 3802 618 3851 Μ
630 3803 755 3862 (similitor
766 3805 800 3852 od
814 3807 854 3864 63,
870 3805 905 3864 2),
926 3805 1100 3853 continentur
1110 3805 1152 3854 uel
1165 3806 1271 3854 tenetur
1284 3808 1358 3855 dett.¹
1376 3803 1386 3872 ΙΙ

308 3872 338 3915 to
357 3872 430 3933 paris
442 3871 542 3936 speciei
556 3874 582 3920 et
594 3885 626 3920 ex
639 3883 719 3920 causa
732 3872 848 3922 Huschke
876 3871 887 3933 ΙΙ
923 3875 954 3920 46
973 3871 1076 3922 debes.
1093 3909 1099 3920 .
1116 3876 1231 3936 petas,
1248 3909 1254 3922 .
1271 3910 1277 3922 .
1294 3879 1324 3922 t7
1339 3888 1386 3924 oa-

306 3935 349 3986 dis
365 3937 494 4000 Cuiooios,
511 3939 605 3989 debuit
621 3939 749 4000 (debitum
764 3941 798 4002 Mt
815 3978 821 3989 .
838 3977 843 3988 .
861 3977 866 3989 .
882 3943 954 4004 petat
963 3963 972 3989 ·.
989 3978 995 3989 .
1012 3978 1018 3988 .
1034 3941 1106 3990 cadit
1118 3943 1215 3992 codices
1255 3942 1266 4004 ΙΙ
1309 3947 1339 3990 to
1360 3947 1384 3992 et

276 4070 278 4076 Ι
307 4005 475 4058 institoribus
493 4010 542 4058 dot.
560 4008 679 4060 Guiooios
716 4009 726 4070 11
768 4013 798 4056 2⁰
818 4010 906 4058 solido
919 4011 1016 4059 codices
1050 4009 1061 4070 ΙΙ
1097 4013 1129 4058 22
1148 4011 1235 4060 iactus
1249 4023 1386 4062 commer-

307 4074 520 4136 ciumtactusL‚
535 4078 621 4127 iactus
638 4077 765 4138 (iactuses
779 4077 826 4139 Ma)
843 4079 1027 4128 conmeroium
1041 4077 1184 4128 iactumM
1222 4079 1232 4140 ΙΙ
1274 4083 1305 4128 2³
1325 4093 1385 4129 sar-

306 4143 523 4194 cianturcodiocs
554 4147 565 4210 ΙΙ
597 4148 697 4195 iactum
711 4147 740 4206 L,
755 4146 848 4196 datum
862 4148 891 4196 M
