3066 4826
267 349 341 400 Paul.
358 350 417 410 V,l
645 384 731 398 .-..
776 351 836 412 112
880 365 965 398 ..·....

267 547 320 599 aut
335 557 485 618 persona:
510 538 594 618 looo,
621 540 767 619 quotiens
784 540 816 600 in
837 539 963 620 publico
986 540 1168 620 inrogatur:
1191 549 1347 620 tempore,

266 627 412 703 quotiens
434 623 591 686 interdiu:
614 643 764 705 persona,
783 627 929 705 quotiens
944 627 1082 688 senatori
1096 627 1150 688 uel
1171 627 1272 707 equiti
1287 627 1351 688 lio-

266 729 356 770 mano
378 709 581 772 decurioniue
601 711 653 772 uel
674 712 751 772 alias
772 720 930 791 spectatae
952 713 1146 774 auctoritatis
1160 712 1246 774 uiro:
1272 715 1348 774 etsi

264 795 410 874 plebeius
431 797 485 858 uel
507 797 620 859 humili
641 797 707 858 loco
727 806 821 859 natus
842 799 977 859 senatori
998 798 1052 859 uel
1073 799 1174 878 equiti
1194 799 1344 879 Romano,

265 879 427 943 decurioni
449 883 503 944 uel
523 883 721 963 magistratui
743 883 796 946 uel
811 882 908 944 aedili
929 884 983 945 uel
998 883 1113 962 iudici,
1138 883 1274 964 quilibet
1288 885 1383 945 bo-tt

208 969 240 1027 tl
267 985 346 1046 rum,
365 969 417 1030 uel
433 969 460 1029 si
476 969 526 1030 his
541 967 688 1031 omnibus
703 967 861 1049 plebeius
908 970 969 1041 Qui
984 988 1041 1050 per
1056 970 1243 1032 calumniam
1259 971 1348 1032 iniu-

265 1055 329 1115 riae
346 1055 500 1116 actionem
515 1056 669 1134 instituit,
693 1065 782 1116 extra
797 1055 941 1116 ordinem
964 1056 1094 1136 punitur
1104 1078 1118 1116 :·
1135 1075 1246 1118 omnes
1260 1057 1347 1118 enim

265 1140 504 1203 calumniatores
526 1141 613 1202 exilii
628 1141 680 1202 uel
695 1141 816 1202 insulae
830 1142 1022 1220 relegatione
1044 1151 1098 1203 aut
1112 1141 1234 1204 ordinis
1248 1143 1347 1204 amis-

207 1227 245 1288 42
264 1226 350 1286 sione
366 1227 475 1306 puniri
498 1227 628 1306 placuit.
675 1228 866 1288 Iniuriarum
886 1227 1027 1289 nonnisi
1048 1237 1233 1308 praesentes
1249 1247 1346 1290 accu-

175 1345 176 1350 4
264 1330 334 1372 sore
346 1321 492 1392 possunt:
512 1313 631 1374 crimen
648 1313 744 1392 euim,
763 1312 848 1392 quod
859 1312 1018 1374 uindictae
1034 1322 1089 1374 aut
1100 1314 1276 1375 calumniae
1292 1314 1345 1376 iu·
1365 1329 1398 1374 44

207 1398 242 1456 43
263 1397 381 1458 dicium
404 1407 566 1478 expectat,
598 1417 656 1478 per
676 1399 752 1460 alios
768 1397 892 1460 intendi
913 1418 976 1460 non
998 1408 1112 1479 potest.
1158 1401 1206 1460 Fit
1229 1400 1346 1462 iniuria

263 1494 371 1544 eontra
382 1483 481 1545 bonos
495 1503 608 1562 mores,
626 1485 726 1546 ueluti
737 1486 766 1546 'si
781 1485 854 1564 quis
869 1485 941 1546 iimo
958 1495 1101 1565 corrupto
1116 1485 1254 1564 aliquem
1270 1505 1346 1566 per-

263 1568 391 1648 fuderit,
410 1589 522 1648 caeno,
540 1571 607 1631 luto
622 1569 797 1649 oblinierit,
815 1589 914 1650 aquas
928 1571 1141 1651 spureauerit,
1161 1572 1282 1633 fistulas
1296 1573 1345 1632 la-

263 1673 318 1716 cus
341 1655 461 1736 quidue
484 1655 570 1718 eliud
590 1658 622 1717 iu
644 1657 794 1718 iniuriam
821 1656 982 1737 publicam
1003 1659 1282 1719 contaminauerit:
1309 1659 1343 1718 in
1397 1707 1401 1714 ,

206 1743 242 1802 ti
262 1759 340 1820 quos
356 1743 496 1823 grauiter
510 1741 720 1804 animaduerti
734 1743 823 1804 solet.
871 1744 932 1815 Qui
947 1761 1047 1822 puero
1062 1752 1259 1822 praetextato
1274 1753 1345 1805 stu·
1363 1759 1396 1804 45

262 1846 355 1907 prum
376 1827 504 1890 aliudue
525 1827 677 1908 flagitium
704 1828 839 1890 abducto
860 1826 901 1890 ab
927 1847 963 1889 eo
984 1830 1038 1889 uel
1064 1839 1208 1910 corrupto
1229 1831 1343 1891 comite

262 1915 466 1992 persuaserit,
484 1915 651 1976 mulierem
665 1915 845 1994 puellamuc
861 1915 1124 1994 interpellauerit,
1146 1915 1265 1994 quidue
1280 1935 1344 1996 pu-

262 1997 388 2061 dicitiae
405 2000 654 2079 corrumpendae
677 2001 775 2080 gratia
790 2000 920 2079 lecerit,
938 2000 1056 2062 donum
1071 2000 1253 2081 praebuerit
1267 2021 1344 2081 pre—

262 2085 399 2162 tiumue,
426 2103 487 2164 quo
508 2084 542 2145 id
556 2085 764 2166 persuadeat,
783 2085 922 2165 dederit,
947 2085 1089 2166 perlecto
1110 2086 1226 2168 flagitio
1241 2088 1343 2168 capite

263 2172 410 2248 punitur,
436 2170 620 2250 imperfecto
635 2173 669 2232 in
684 2173 820 2234 insulam
836 2172 1034 2252 deportatur:
1059 2175 1198 2252 corrupti
1213 2175 1343 2235 comites
1362 2188 1394 2233 eo

204 2258 242 2316 ta
262 2275 383 2317 summo
399 2257 551 2337 supplicio
573 2256 773 2320 adliciuntur.
819 2257 898 2330 *Qui
914 2277 1040 2319 carmen
1061 2257 1214 2320 famosum
1237 2260 1270 2320 in
1291 2261 1343 2330 in-

261 2341 393 2402 *iuriam
405 2342 538 2404 alicuius
549 2344 602 2404 uel
617 2343 676 2404 alia
691 2343 852 2423 quaelibet
866 2345 997 2423 cantica,
1016 2363 1078 2424 quo
1090 2346 1216 2424 agnosci
1228 2347 1339 2426 possit,

260 2427 504 2508 *composuerit,
534 2449 574 2490 ex
594 2431 778 2491 auctoritate
799 2430 984 2512 amplissimi
1006 2429 1126 2492 ordinis
1148 2431 1180 2491 in
1203 2431 1342 2492 insulam

260 2511 479 2591 *deportatur:
508 2516 639 2577 interest
668 2517 752 2576 enim
772 2515 918 2596 publicae
946 2515 1131 2596 disciplinae
1159 2518 1341 2596 opinionem

203 2603 240 2661 46
260 2598 529 2680 *uniuscuiusque
544 2620 561 2662 a
577 2602 663 2680 turpi
680 2602 826 2662 carminis
841 2597 970 2662 infamia
985 2599 1181 2664 uindicare*
1224 2605 1343 2665 Psalte·
1362 2616 1394 2664 25

263 2748 559 2772 αῳνυνυνννυννυκΛΜΝ

329 2840 802 2904 t,ra.rt=btc.tr,tr,t,t.e
849 2840 860 2903 ΙΙ
908 2842 1340 2900 t,teeotottnarorts.ttoo

259 2909 529 3043 bibiiuflnclgrrpyiam
541 2913 590 2958 366
614 2911 735 2960 Vaticano
747 2923 802 2973 reg.
818 2913 883 2959 4048
903 2911 1028 2961 Beroeosi
1041 2915 1103 2960 263:
1118 2913 1146 2960 444
1160 2911 1246 2961 Germ.
1259 2924 1342 2974 proe-

261 3114 310 3127 »ΑΛΛ
315 3113 896 3129 ΛΛΝῚΙΨΧΛΛΙΨΝᾸΝΧΛΙΝΛΛΝΧΛΛΛΙΝΛΛΛΛΛΛΙᾺΙᾺΝ
902 3114 912 3127 t)
918 3113 1314 3129 ΜᾺΛῙᾺΛΙΝΛΛΜΛΙΗῊῚΙΧΛΛΛΛΙΧΛΝ
1319 3116 1337 3127 ·ἰ

330 3207 339 3250 4
355 3200 497 3265 publicum
510 3201 607 3250 codices
630 3201 641 3263 ΙΙ
668 3204 730 3250 tue
743 3213 792 3250 om.
806 3201 904 3249 codices
927 3198 938 3261 ΙΙ
961 3199 1021 3254 uiro
1035 3201 1097 3250 etsi
1111 3237 1117 3252 .
1133 3235 1139 3249 .
1155 3236 1162 3250 .
1179 3199 1338 3264 oplebeius]

260 3275 384 3331 correpto
395 3271 457 3320 toec
468 3270 579 3332 sortasse
590 3273 627 3319 oie
637 3270 797 3319 restituendo
808 3273 869 3318 suot
885 3271 947 3318 uiro
964 3267 1088 3333 plebeius
1105 3269 1149 3319 uel
1162 3269 1259 3318 humili
1278 3270 1339 3320 loco

260 3342 340 3388 natus
351 3339 480 3388 iniuriam
492 3337 558 3387 lacit
568 3339 613 3388 uel
625 3338 792 3402 magistratui
805 3337 850 3386 uel
862 3337 943 3387 aedili
955 3337 1000 3393 uel
1012 3337 1098 3387 iudici
1110 3338 1224 3402 quilibet
1239 3338 1341 3399 (simili-

261 3413 300 3456 ter
311 3407 437 3465 Huschke,
451 3407 483 3468 cs.
500 3406 558 3456 Gai.
573 3410 598 3465 3,
611 3409 668 3470 225)
701 3405 711 3470 ΙΙ
742 3410 772 3454 to
791 3405 865 3470 quod
876 3405 953 3456 uind.
968 3407 1015 3454 aut
1026 3407 1097 3466 dett,
1113 3407 1186 3471 quod
1198 3407 1274 3457 uind.
1289 3420 1340 3472 per

261 3477 297 3536 M,
317 3479 364 3526 eut
374 3476 450 3525 uind.
466 3476 541 3525 outL
582 3475 593 3538 ΙΙ
635 3477 665 3524 43
685 3489 768 3540 aquas
779 3475 938 3538 purgauerit
949 3475 1054 3533 codices,
1070 3489 1155 3540 equas
1167 3477 1340 3540 spurgauerit

260 3545 320 3608 Dip.
352 3545 362 3608 ΙΙ
390 3543 818 3607 fistulasDiq.,fistulamoodices
847 3542 857 3606 ΙΙ
889 3545 919 3591 li
936 3544 1026 3594 inini.
1041 3545 1078 3604 M,
1092 3544 1186 3594 adini.
1201 3545 1273 3608 Dio„
1288 3545 1336 3594 ini.

260 3615 279 3662 L
304 3614 315 3678 ll
339 3613 678 3677 topraetextatoorodlig.
704 3611 715 3675 11
740 3611 1033 3675 ltaliudueilagitium
1047 3613 1168 3676 orwig
1194 3612 1205 3674 ΙΙ
1231 3618 1260 3661 47
1275 3627 1339 3663 mu-

260 3682 363 3745 lierem]
378 3680 472 3732 autin.
488 3679 548 3745 Dig.
588 3681 599 3744 ΙΙ
636 3681 785 3746 pudicitiae
799 3680 1024 3745 corrumpendae]
1038 3681 1226 3746 impudicitiae
1238 3682 1297 3746 Dtg.
1328 3678 1339 3747 ΙΙ

263 3757 292 3800 lt)
312 3752 350 3814 id]
365 3755 388 3801 is
401 3752 461 3814 Dip.
499 3751 509 3814 ΙΙ
544 3753 657 3814 punitur
669 3752 757 3815 capite
773 3750 830 3812 Die.
868 3748 879 3812 ΙΙ
915 3753 942 3797 24
966 3762 1076 3798 carnem
1089 3751 1167 3799 Baro.
1204 3751 1215 3812 ΙΙ
1250 3749 1338 3801 lamo-

259 3835 317 3871 sam
330 3823 424 3870 Beroe
446 3819 457 3882 ΙΙ
479 3820 508 3868 in
520 3821 684 3869 iniuriarum
696 3820 725 3881 A,
741 3819 902 3867 iniuriarum
915 3818 993 3867 Bere.
1019 3817 1030 3880 ΙΙ
1053 3821 1086 3868 22
1099 3818 1221 3884 qualibet
1231 3820 1309 3869 Bere.
1328 3817 1339 3886 ll

260 3894 291 3938 25
311 3904 325 3940 4
342 3889 456 3948 dormi,
472 3902 520 3938 om.
535 3889 627 3950 reticet
661 3887 672 3951 Η
707 3886 845 3937 infamiam
858 3887 936 3935 Bere.
973 3885 984 3949 ΙΙ
1016 3891 1075 3948 post
1087 3887 1228 3938 uindicare
1241 3890 1338 3938 codices

260 3961 357 4008 addunt
370 3971 479 4008 carmen
492 3955 557 4007 lacit
569 3971 624 4006 non
637 3960 743 4007 tantum
756 3958 802 4020 qui
815 3956 912 4005 satiras
924 3957 950 4004 et
962 3956 1153 4018 epigrammata
1169 3957 1275 4020 (sytiras
1289 3957 1337 4007 sed

260 4039 448 4090 epygrammas
460 4026 561 4087 Bere),
582 4025 629 4076 sed
646 4027 815 4088 illegitimam
837 4023 894 4087 (sed
910 4025 954 4072 uel
972 4024 1044 4088 legit.
1059 4027 1165 4087 codices)
1185 4025 1337 4076 insectandi

259 4096 376 4146 alieuius
389 4107 498 4144 oausam
515 4095 606 4157 (causa
619 4095 707 4154 Bere.)
729 4093 831 4157 quidue
848 4092 923 4142 eliud
941 4093 995 4142 alio
1013 4105 1110 4156 genere
1123 4095 1270 4158 componit.
1302 4095 1337 4144 de

260 4166 363 4213 ratione
377 4167 402 4212 et
415 4163 448 4212 de
462 4175 642 4226 personarum
661 4163 788 4226 dignitate
807 4160 874 4210 nihil
895 4163 931 4220 (et
943 4161 1130 4226 desperatione
1142 4163 1213 4212 nilA
1230 4165 1297 4224 Vct,
1310 4167 1339 4213 et
