3066 4826
572 363 658 376 ....
705 332 760 392 151
808 363 894 376 ...-.
1103 331 1206 381 uositn.
1223 333 1277 380 un

153 518 164 576 4
278 517 473 579 Omneenim
487 518 605 580 iustum
625 518 709 600 [cum
849 517 941 578 Omne
964 519 1012 578 ius
1034 527 1090 580 aut
1109 521 1198 582 ciuile
1220 539 1277 601 ap-

192 603 273 683 iure]
292 614 347 664 out
362 604 457 665 ciuile
469 605 710 684 appellaturum
757 604 895 684 pellatur
916 609 969 664 aul
991 606 1145 666 naturale.
1185 614 1277 668 uatu-

190 690 335 750 nuturele
348 689 464 750 dieitur
483 689 544 770 luel
559 689 705 770 nationis]
760 690 828 751 rale
839 689 951 751 dicitur
963 690 1052 750 etiam
1064 693 1112 752 ius
1123 693 1274 773 peullam:
1364 685 1366 690 ’

190 785 246 838 aut
275 776 393 856 gentile
423 776 551 836 iustum.
602 775 643 837 ab
671 794 708 838 eo
761 774 800 837 ab
814 794 847 836 eo
862 776 1061 850 nominatum,
1082 777 1161 858 prad
1175 796 1276 840 omues

191 863 277 922 enim
292 863 473 922 nominatur
487 872 638 923 etomnes
650 880 709 922 nu·
759 870 859 944 peotes
880 861 1019 922 similiter
1039 879 1071 922 eo
1094 871 1273 926 suutusoe:
1294 875 1308 921 e

191 950 294 1008 tiones
309 948 457 1008 similiter
472 967 508 1008 eo
524 958 597 1009 sunt
613 967 702 1009 usae:
758 947 837 1029 quod
859 949 938 1008 euim
959 946 1068 1008 bouum
1093 956 1122 1010 et
1145 967 1275 1029 aequum

191 1033 277 1114 quod
299 1034 384 1102 enim
407 1033 524 1094 bonnm
543 1043 575 1095 et
591 1035 708 1096 iustum
759 1041 813 1109 est,
836 1035 969 1094 ommium
983 1034 1108 1096 utilitati
1122 1037 1273 1097 conuenit.

191 1129 255 1197 est,
280 1120 420 1180 omnium
441 1120 571 1180 utilitati
591 1139 709 1182 conue-
759 1122 808 1181 ius
829 1120 917 1181 ciuile
938 1127 1039 1180 autern
1054 1121 1217 1201 proprium
1232 1129 1277 1182 ast

191 1207 250 1266 nit.
295 1206 350 1284 [se]
370 1204 455 1284 quod
469 1215 574 1267 autem
590 1207 708 1267 iustum
759 1206 873 1266 ciuium
884 1208 1098 1281 Romanorum,
1115 1205 1154 1266 ab
1166 1225 1198 1267 eo
1210 1206 1276 1268 dic-

190 1291 344 1371 eiuile[m]
378 1293 541 1371 proprium
570 1302 618 1353 est
651 1291 705 1372 [et]
759 1299 833 1368 tum,
851 1291 930 1372 quod
940 1299 1048 1353 nostra
1057 1293 1167 1354 ciuitas
1179 1312 1228 1354 eo.
1243 1337 1271 1354 ..
1294 1303 1324 1348 44

192 1396 392 1440 romanorum
410 1387 441 1438 ot
455 1375 496 1438 ab
512 1379 558 1438 eis
574 1377 705 1455 dictum,
758 1379 866 1439 utitur.
914 1377 967 1438 eal
989 1377 1114 1457 quidam
1133 1378 1187 1440 ltoc
1212 1397 1276 1440 esee

191 1465 339 1544 quoniam
355 1474 461 1525 nostra
476 1465 587 1525 ciuitas
604 1482 639 1524 ea
650 1483 709 1526 ue·
755 1464 956 1544 praedicaret,
980 1463 1058 1544 quod
1078 1463 1215 1526 omuibus
1231 1466 1276 1526 ci-

190 1552 283 1610 uitate
298 1551 407 1611 utitur.
440 1548 497 1610 sed
509 1549 637 1629 quidam
651 1550 710 1610 hoo
758 1549 848 1611 uibus
867 1550 1066 1630 peculiariter
1085 1558 1146 1612 aut
1165 1552 1278 1612 maiori

192 1655 274 1713 esse,
289 1635 374 1714 quod
385 1654 494 1696 omnes
505 1635 631 1698 ciuibus
642 1637 708 1697 suis
755 1637 844 1716 parti
862 1635 995 1716 eapedit.
1030 1643 1103 1696 suut
1118 1639 1208 1698 etiam
1223 1638 1277 1717 qui

191 1721 377 1803 praedicent
405 1731 460 1782 out
489 1723 601 1782 maiori
627 1723 711 1803 parti
759 1721 955 1784 tradiderunt
988 1765 1111 1784 .....
1146 1720 1277 1802 plurimi
1294 1733 1325 1778 44

191 1806 331 1888 expedit.
371 1816 445 1868 sunt
475 1808 560 1868 enim
590 1808 646 1888 qui
676 1817 708 1869 et
759 1816 943 1870 autemeam
958 1807 1157 1887 definitionem
1171 1810 1275 1868 uerio-

189 1893 393 1955 tradiderunt
408 1894 518 1973 quenti
536 1903 642 1956 tamen
658 1895 709 1956 iu·
758 1913 824 1955 rem
849 1911 913 1955 esse
938 1893 1150 1970 tradiderunt,
1182 1912 1276 1976 quum
1311 1927 1314 1935 =

171 1981 294 2041 'stitiee
329 1997 409 2040 esse.
463 1980 599 2060 plurima
628 1981 710 2041 hano
759 1981 842 2042 tuitio
858 1979 1007 2041 domimus.
1085 2052 1088 2057 ¹

190 2076 294 2127 autem
314 2065 529 2127 definitionem
549 2067 707 2135 ueriorem

192 2171 261 2212 esse
287 2150 491 2212 tradiderunt
513 2171 594 2232 quae
618 2153 708 2212 initio
1291 2161 1323 2210 so

191 2237 341 2299 diximus.

153 2323 172 2381 t
278 2324 359 2384 luris
381 2323 484 2384 ciuilis
506 2322 640 2402 utquid
661 2323 1090 2404 appositiciumeppelletur‚
1117 2341 1157 2383 ex
1172 2322 1275 2402 pluri-

193 2410 253 2470 bus
271 2407 415 2490 pertibus
437 2417 567 2470 constet.
609 2408 666 2470 sed
688 2410 924 2470 constitutiones
945 2409 1164 2490 imperatorias
1186 2409 1276 2470 simi-

193 2497 264 2556 liter
285 2493 514 2557 honorandum.
562 2495 647 2575 quod
669 2505 717 2556 est
738 2505 769 2557 et
790 2496 943 2575 praetoris
966 2494 1105 2556 edictum
1128 2495 1274 2555 similiter

192 2582 244 2643 uel
259 2580 466 2661 proconsulis.
505 2601 545 2642 ex
561 2600 596 2642 eo
613 2582 696 2642 enim
714 2591 942 2643 consenserunt
956 2579 1156 2662 prudentiam
1174 2589 1205 2640 et
1220 2599 1273 2640 re·
1291 2591 1325 2636 25

192 2707 1269 2723 AMWWWIVVWQMANWVWANWMANWNANWWWWM

264 2775 273 2817 4
297 2782 359 2818 cum
374 2770 433 2818 iure
446 2774 470 2819 et
483 2773 496 2818 4
509 2769 554 2820 uel
567 2771 685 2820 nationis
697 2771 789 2819 omittit
806 2766 842 2818 Vg
871 2768 882 2831 11
918 2771 931 2816 5
951 2769 1108 2817 nominetur
1120 2766 1155 2829 et]
1169 2782 1274 2832 meopa-

193 2834 299 2904 σθηκαι
315 2836 354 2887 V8
395 2839 406 2900 11
447 2839 579 2901 nationes]
593 2834 699 2905 ταεθνη
717 2835 756 2888 Vg
796 2837 806 2900 11
848 2841 911 2886 ese
925 2836 999 2899 quod
1011 2836 1077 2898 saa]
1096 2851 1125 2885 το
1138 2833 1165 2884 δε
1178 2833 1274 2884 areatat

192 2904 323 2956 zolictuov
335 2921 421 2973 sepios
434 2921 500 2956 εστιν
514 2923 634 2977 pupulam
646 2923 690 2957 rat
703 2922 752 2956 απο
763 2921 860 2956 τουτων
873 2920 1005 2972 ειρημενον
1045 2904 1056 2966 11
1104 2907 1131 2952 44
1154 2905 1275 2954 romanis

197 2977 234 3026 V²
267 2977 278 3038 11
318 2979 348 3023 m
368 2989 399 3025 ea
412 2975 537 3038 ueritate]
551 2991 675 3044 ταυτητη
688 2971 798 3042 allutea
815 2972 866 3025 Vss:
882 2987 914 3023 eo
928 2987 957 3023 re
969 2985 1036 3022 uera
1045 2975 1181 3034 proposuit
1194 2973 1274 3022 Boea-

191 3045 253 3108 lciap
299 3043 310 3106 11
358 3047 388 3092 ts
408 3045 456 3094 sed
468 3043 533 3107 sap]
548 3041 597 3094 αλλ
609 3060 680 3112 ενφοι
694 3041 764 3106 (ἔνιοι
776 3043 837 3104 scr.)
851 3057 927 3092 τουτο
940 3057 1011 3099 errat,
1026 3059 1042 3092 a
1053 3055 1146 3091 παντεσ
1158 3037 1276 3090 naticae

193 3111 266 3164 ιδιοισ
286 3109 504 3174 1444ως4444444ο)
524 3109 688 3181 προλεγουσιν
705 3129 723 3181 η
742 3109 826 3178 pilose
841 3125 914 3177 μερει
927 3125 1036 3178 cuppam
1052 3107 1104 3161 Vi:
1123 3109 1156 3172 cs.
1172 3110 1232 3173 Dip.
1249 3113 1274 3169 t,

193 3187 217 3241 4,
231 3187 257 3230 44
275 3181 348 3246 quod
362 3181 489 3231 omnibus
501 3185 548 3232 aut
559 3181 686 3246 pluribus
699 3183 726 3231 in
739 3194 847 3245 quoque
860 3181 969 3230 ciuitate
981 3179 1048 3229 utile
1061 3181 1115 3241 est,
1135 3181 1166 3228 ut
1178 3182 1219 3228 est
1231 3179 1275 3228 ius

191 3251 273 3301 ciuile
310 3250 321 3313 11
361 3254 391 3298 45
410 3251 507 3300 maiori
519 3251 592 3314 peris
609 3246 641 3300 Vl
682 3250 693 3314 11
735 3248 1276 3317 46ευη4...4ὃοεεε1εισινγαροικαι

191 3317 333 3388 παρεδοσαν
345 3333 480 3369 anomoeis
492 3316 656 3388 δικαιοσυνησ
666 3334 729 3371 eruat
746 3315 782 3368 V8
817 3318 828 3380 11
865 3321 894 3365 tr
914 3319 1009 3380 quanti
1021 3315 1121 3378 tamen]
1138 3329 1274 3366 summum

192 3390 228 3438 M.
247 3389 319 3452 Votpt
337 3389 380 3438 lus
397 3389 520 3438 naturate
539 3391 590 3449 tp.
607 3391 672 3449 625,
690 3393 720 3438 ut
737 3389 797 3437 otim
816 3387 931 3436 Graecus
947 3389 1077 3447 interpres
1094 3397 1229 3435 summum
1246 3387 1275 3434 to

191 3455 319 3524 ποσότητα
330 3459 447 3516 uerterit,
467 3458 558 3506 deiude
569 3457 615 3506 troc
627 3457 718 3507 Latiae
728 3469 777 3518 per
794 3456 973 3518 quantitatem
991 3455 1120 3504 redditum
1135 3456 1171 3502 a't
1188 3458 1212 3503 at
1229 3453 1276 3503 tac

190 3527 297 3576 subinde
305 3537 355 3586 per
368 3525 498 3575 Graecum
508 3521 644 3575 ὑπόστασιν
674 3525 684 3588 11
715 3528 746 3574 48
758 3524 877 3588 plurima
887 3522 1070 3586 heneuutem]
1085 3518 1176 3572 πλιονα
1186 3537 1275 3571 τουτον

192 3593 219 3644 δε
236 3591 274 3644 V⁸
314 3593 325 3656 11
366 3597 397 3642 20
417 3595 535 3657 quaein.
549 3594 617 3656 din]
637 3608 684 3644 aaa
702 3610 728 3643 εν
745 3609 778 3660 τη
796 3607 864 3662 αρχη
877 3607 982 3658 sinopes
996 3588 1033 3641 V8
1067 3591 1079 3654 11
1115 3593 1146 3638 22
1165 3589 1275 3653 utquid

190 3676 250 3727 app.
267 3677 304 3712 ao
316 3677 341 3712 τι
352 3658 523 3730 septuptum
539 3663 588 3722 st,
602 3664 690 3712 om.V
715 3662 726 3724 ΙΙ
756 3660 1090 3724 chP‚quiox‹ootuV
1115 3659 1126 3722 ll
1160 3661 1276 3708 tucon-

191 3734 242 3780 stat
254 3745 401 3798 συνεστηκει
414 3731 464 3792 SP,
479 3735 604 3781 constent
615 3745 765 3798 συνεστηκεν
781 3731 803 3780 V
828 3730 839 3793 11
852 3791 856 3799 ¹
869 3729 1075 3780 constitutiones
1087 3728 1278 3792 imperatorius

194 3801 255 3861 l-ris
268 3800 294 3858 S)
316 3796 426 3858 διαταξισ
438 3815 640 3868 αυτοκρατορικη
655 3800 704 3858 SP,
721 3799 811 3849 edicta
824 3799 997 3863 imperatoria
1011 3792 1135 3855 διαταξεισ
1147 3810 1276 3862 canoma-

190 3870 324 3935 ropntatV
361 3868 373 3932 11
415 3870 446 3916 et
459 3869 651 3919 honorandum
662 3883 782 3936 τιμητεον
797 3867 846 3929 81³,
867 3867 1036 3916 honorantur
1046 3877 1173 3932 τιμεταιον
1191 3865 1223 3914 V:
1247 3865 1276 3914 to

190 3939 235 3987 loa
252 3939 334 3994 tatere
350 3939 394 3988 ius
411 3937 588 3987 honorarium
606 3938 672 3987 uidit
692 3937 813 3987 Cutaatas
852 3937 863 3998 11
904 3935 984 3998 quod'
1001 3936 1050 3993 VP,
1070 3933 1137 3997 quid
1156 3929 1237 3982 ilios
1265 3927 1277 3997 11

190 4011 221 4056 45
235 4007 281 4056 uel
298 4001 394 4064 VS¹P?,
409 4021 454 4056 και
467 4004 500 4056 Sg
540 4007 551 4069 11
591 4021 623 4056 ex
641 4019 673 4055 ee
691 4007 765 4055 enim
784 4009 982 4054 consensemnt
997 4002 1171 4068 prudentium
1190 4005 1217 4052 et
1234 4015 1276 4051 re·

190 4079 299 4139 ceptum
317 4077 358 4124 est
374 4088 567 4139 responsorum
581 4079 607 4124 et
619 4077 775 4124 summatim
787 4073 906 4124 solemus
918 4073 987 4122 haee
999 4075 1025 4122 et
1038 4071 1130 4122 dicere
1142 4086 1172 4120 eu
1183 4085 1276 4121 τουτου

178 4155 236 4212 ’γαρ
249 4140 432 4204 coracesium
444 4159 490 4209 την
503 4159 613 4212 ενπιριαν
661 4179 663 4186 .
