3066 4826
552 429 651 468 --,
687 399 744 464 433
788 433 874 444 --
1028 403 1253 463 mutuasse

170 600 270 661 penes
285 602 319 644 se
335 583 477 664 deposita
493 586 686 666 quicumque
706 588 798 648 alteri
814 589 911 650 altero
926 587 1059 652 absente
1076 590 1255 654 reddiderit

169 669 224 732 uel
247 669 430 742 aduersario
451 670 645 751 prodiderit,
670 692 897 752 propersonae
914 676 983 739 eius
1003 669 1184 740 condicione
1200 687 1255 741 aut

108 757 145 815 11
171 756 205 816 in
227 756 388 818 metallum
411 755 578 819 damnatur
600 759 707 820 autin
729 760 863 822 insulam
885 761 1055 841 relegatur.
1109 764 1170 835 Qui
1191 763 1253 826 sihi

170 841 285 904 laisum
311 861 426 904 nomen
448 844 649 922 imposuerit,
680 864 779 925 genus
801 857 991 926 parentesue
1018 847 1161 927 finxerit,
1191 868 1253 931 quo

170 928 251 1008 quid
261 928 401 990 alienum
413 929 617 1010 interciperet
632 943 757 1010 caperet
773 932 957 1012 possideret,
977 951 1078 1012 poena
1088 935 1167 1014 legis
1178 936 1254 997 Cor·
1273 947 1286 992 5

108 1014 274 1076 12441144
298 1013 338 1076 de
366 1013 452 1076 falsis
475 1025 646 1078 coercetur.
700 1019 760 1090 Qui
788 1017 966 1098 insignibus
989 1021 1106 1082 altioris
1134 1019 1253 1082 ordinis

168 1109 304 1163 utuntur
338 1101 545 1181 militiamque
580 1104 778 1184 confingunt,
817 1123 879 1184 quo
907 1124 1003 1185 quem
1028 1115 1167 1171 terreant
1199 1108 1254 1174 uel

169 1187 366 1274 concutiant,
392 1187 574 1249 humiliores
589 1190 690 1269 capite
706 1191 899 1269 puniuntur,
926 1192 1119 1254 honestiores
1134 1191 1253 1274 depor-

107 1272 149 1332 13
170 1282 288 1335 tantur.
337 1273 370 1333 Si
386 1273 441 1352 qui
457 1272 497 1334 de
514 1273 628 1338 iudicis
643 1276 789 1338 amicitiis
804 1277 857 1338 uel
872 1276 1080 1340 familiaritate
1096 1281 1254 1340 mentien-

170 1369 218 1420 tes
242 1368 377 1420 euentus
392 1360 620 1422 sententiarum
642 1362 710 1422 eius
731 1361 890 1441 uendunt,
911 1363 1031 1443 quidue
1046 1363 1180 1426 obtentu
1195 1383 1253 1426 no·
1273 1376 1303 1421 to

169 1446 266 1506 minis
282 1445 350 1506 eius
365 1455 472 1524 agunt,
492 1447 628 1508 conuicti
639 1465 694 1528 pro
710 1446 800 1508 modo
816 1447 923 1510 del-icti
940 1459 993 1511 aut
1005 1450 1186 1530 relegantur
1200 1461 1253 1512 aut

169 1533 273 1611 eapite
287 1531 472 1610 puniuntur.

286 1722 363 1800 [xxrr
406 1738 444 1781 un
467 1739 562 1781 suoru
584 1740 684 1782 rvrmu
707 1739 743 1782 ns
758 1740 788 1782 vr
802 1740 921 1795 promes
945 1741 980 1782 nr
1002 1725 1137 1802 rnrrrra]

132 1840 144 1898 1
256 1842 336 1919 Lege
353 1841 431 1901 Iulia
451 1838 491 1901 de
507 1842 540 1900 ui
556 1839 684 1920 publica
706 1840 883 1920 damnatur,
911 1843 966 1922 qui
982 1843 1087 1923 aliqua
1101 1853 1254 1924 potestate

169 1924 334 2005 praeditus
349 1927 452 1988 ciuem
468 1927 642 1988 Romanum
657 1936 749 1988 antea
772 1927 813 1989 ad
828 1925 995 2008 populum,
1015 1947 1101 1990 nunc
1116 1931 1253 2010 impera·
1273 1942 1304 1988 tn

169 2023 269 2073 torem
291 2013 502 2092 appellantem
526 2015 689 2074 necauerit
709 2016 857 2075 necariue
873 2015 1017 2094 iusserit,
1038 2017 1162 2077 torserit
1178 2035 1253 2078 uor-

169 2099 329 2159 herauerit
352 2098 612 2160 condemnauerit
634 2101 709 2161 iuue
731 2099 860 2180 publica
874 2101 1002 2162 uincula
1023 2100 1097 2163 duci
1112 2103 1250 2164 iusserit.

168 2186 261 2246 euius
283 2185 329 2246 rei
350 2203 453 2265 poena
469 2185 501 2244 in
522 2184 705 2247 humiliores
727 2187 839 2266 capitis
861 2187 894 2247 in
916 2187 1110 2250 honestiores
1131 2186 1254 2250 insulae

130 2271 149 2330 2
169 2270 387 2350 deportatione
403 2279 574 2332 coercetur.
622 2273 685 2333 Hac
701 2273 770 2352 lege
786 2273 998 2352 excipiuntur,
1018 2275 1074 2354 qui
1089 2283 1188 2337 artem
1204 2275 1255 2337 lu-

170 2356 290 2418 dicram
305 2355 434 2434 faciunt,
454 2356 585 2418 iudicati
602 2359 695 2420 etiam
712 2367 743 2420 et
759 2359 893 2420 confessi
912 2361 1005 2440 etqui
1018 2359 1088 2423 ideo
1100 2361 1134 2423 iu
1147 2379 1254 2424 carce·
1273 2367 1303 2416 20

170 2461 236 2504 rem
249 2441 322 2504 duci
335 2441 495 2519 iubentur,
512 2441 597 2523 quod
606 2445 656 2505 ius
665 2443 783 2506 dicenti
792 2444 1253 2526 nonobtemperaucrt'utquid-

170 2528 528 2610 ueeontradiseiplinam
541 2528 698 2609 publicam
712 2529 860 2592 iecerint:
877 2530 1000 2593 tribuni
1009 2533 1104 2595 etiam
1118 2533 1254 2596 militum

172 2624 202 2676 et
224 2613 377 2694 praelecti
399 2615 546 2676 classium
561 2615 740 2693 alarumue,
766 2626 801 2678 ut
817 2617 886 2678 sine
902 2617 1008 2698 aliquo
1029 2619 1253 2698 impedimento
1287 2675 1291 2682 .

129 2701 148 2759 3
171 2701 250 2781 legis
266 2700 363 2762 luliae
382 2719 439 2782 per
454 2720 507 2762 eos
529 2701 663 2763 militare
685 2701 837 2764 delictum
859 2704 996 2764 coerceri
1016 2705 1126 2784 possit.
1173 2707 1253 2784 Lege
1292 2772 1295 2778 ,

169 2785 306 2866 Iuliade
326 2787 359 2849 ui
381 2786 504 2868 priuata
520 2796 655 2866 tenetur,
676 2788 731 2868 qui
743 2791 975 2868 quemarmatis
987 2788 1254 2871 hominibuspos-
1273 2799 1303 2845 st

170 2873 311 2935 sessione
334 2871 425 2934 domo
440 2867 517 2934 uilla
531 2891 645 2953 agroue
669 2872 820 2936 deiecerit
842 2877 1071 2976 expugnauerit
1092 2874 1255 2936 obsederit

170 2959 313 3036 cluserit,
341 2957 416 3020 idue
430 2968 467 3020 ut
481 2958 570 3021 fieret
585 2959 728 3020 homines
750 2957 994 3030 'commodauerit
1009 2959 1161 3022 locauerit
1175 2979 1255 3022 con-

170 3043 315 3106 duxerit:
342 3045 439 3125 quiue
455 3054 577 3112 coetum
595 3064 779 3107 concursum
795 3044 919 3107 turbam
935 3045 1122 3108 seditionem
1138 3047 1253 3108 incen-

170 3131 258 3192 dium
271 3129 391 3210 lecerit,
407 3129 547 3192 funerari
559 3130 728 3212 sepeliriue
741 3131 879 3212 aliquem
892 3131 1099 3212 prohibuerit,
1116 3131 1253 3194 funusne

170 3217 325 3298 eripuerit
347 3216 541 3280 turbauerit:
566 3217 669 3296 etqui
693 3236 782 3296 eum,
803 3217 853 3279 cui
869 3237 951 3298 aqua
974 3225 1005 3280 41
1021 3218 1086 3299 igni
1101 3218 1254 3280 interdic·
1273 3229 1303 3274 ³⁰

170 3311 237 3364 tum
255 3311 320 3383 est,
346 3304 501 3384 receperit
516 3301 667 3364 celauerit
681 3305 838 3364 tenuerit:
863 3305 962 3384 quiue
977 3323 1049 3366 cum
1064 3303 1126 3366 telo
1142 3306 1174 3366 in
1190 3325 1251 3385 pu-

170 3387 252 3450 blico
275 3387 387 3466 luerit,
416 3390 532 3470 templa
548 3397 653 3470 portas
677 3387 805 3451 aliudue
829 3387 907 3470 quid
932 3387 1096 3474 publicum
1125 3391 1254 3454 armatis

171 3473 331 3537 obsederit
358 3476 493 3536 cinxerit
520 3475 668 3538 clauserit
692 3477 904 3556 occupauerit.
962 3475 1079 3558 quibus
1106 3475 1254 3540 omnihus

171 3629 218 3640 vm(
224 3626 1255 3644 vmmnmmmwnmvwnmwmmmmmmwvvvwmmasvwmwm

242 3734 357 3796 sprout
373 3745 504 3796 personae
524 3732 650 3782 condicio
669 3735 709 3782 est
727 3733 799 3796 Dio!
836 3731 847 3796 11
876 3733 1071 3796 ¹trelcgatur]
1098 3732 1257 3797 deportatur

173 3801 233 3866 Dia.
273 3801 284 3864 11
326 3803 413 3864 tquo
426 3801 492 3865 quid
505 3801 624 3851 alienum
636 3802 708 3860 dett,
723 3801 798 3866 quod
810 3803 857 3866 qui
871 3802 992 3852 alienum
1005 3803 1034 3861 L,
1049 3801 1177 3866 quodque
1191 3801 1258 3851 aliut

173 3869 203 3919 11
229 3867 240 3933 ΙΙ
271 3873 285 3918 5
304 3870 478 3936 interciperet
490 3873 599 3935 caperet
611 3867 764 3934 possideret
773 3871 846 3929 dett,
861 3871 1037 3934 interceperit
1049 3871 1150 3934 ceperit
1160 3883 1257 3934 posse-

172 3937 244 3988 derit
256 3939 304 3988 ML
335 3937 353 4002 ,11
392 3939 592 3999 4444114411
630 3938 642 3999 11
681 3941 712 3988 tc
731 3939 860 3988 necariue
873 3939 944 3999 dett,
959 3952 1008 3990 om.
1027 3939 1073 3989 ML
1110 3939 1121 4002 11
1160 3943 1190 3988 ts
1211 3952 1257 3990 ca-

171 4009 234 4072 pitis
250 4007 379 4063 dulcetus.
396 4010 484 4072 eapite
497 4009 594 4058 44414444
633 4006 645 4070 ΙΙ
688 4011 718 4056 411
738 4006 888 4070 coercetur]
902 4008 960 4057 tnL
974 4009 1106 4058 4414144444
1117 4008 1194 4057 haee:
1208 4009 1255 4072 qui

173 4076 312 4126 hominem
330 4077 477 4140 ingenuum
495 4076 539 4126 uel
558 4079 618 4127 elue
636 4089 781 4126 romanum
793 4077 851 4125 uim
864 4074 926 4126 ierit
937 4077 1115 4140 flagellauerit
1126 4076 1257 4126 humilio-

173 4158 217 4195 res
235 4147 324 4208 capite
341 4147 493 4210 puniuntur
511 4145 679 4197 honestiores
697 4146 725 4194 in
743 4145 869 4202 insulam,
890 4144 924 4207 cs.
944 4149 969 4204 1,
989 4142 1070 4206 41141
1121 4144 1133 4209 ll
1179 4148 1211 4195 411
1230 4149 1257 4195 41

176 4213 305 4273 0441441444,
326 4227 375 4264 om.
390 4215 487 4264 codices
526 4213 537 4278 11
580 4217 607 4262 st
630 4213 829 4279 obtemperauit
840 4214 939 4266 codices
