3066 4826
569 339 655 351 ....
700 305 739 368 87
783 339 869 351 .-.
1091 305 1166 356 Paul.
1182 307 1259 367 111,t

175 494 281 573 legata
304 492 441 556 conferri
463 505 594 572 possunt
615 496 673 556 hoc
694 493 785 556 modo
800 496 890 556 chro
906 496 1004 572 Tsrro,
1026 513 1083 556 orn
1097 511 1256 573 sonrnrrr,

138 577 156 636 7
175 597 217 640 no
233 598 322 658 tuoe,
339 589 498 642 antennas
512 598 585 642 nnus
599 597 675 642 nans
689 599 805 642 nassas
818 598 901 642 asro.
943 582 1000 642 Per
1014 579 1261 642 uindicationem

176 666 317 746 legatum
334 668 393 728 etsi
409 666 550 728 nondum
571 667 770 728 constituerit
788 667 960 746 legatarius
976 665 1016 728 ad
1036 685 1071 728 se
1085 667 1258 747 pertinere,

175 762 276 832 atque
291 753 334 814 ita
345 761 416 832 post
430 763 555 830 apertas
570 751 694 816 tabulas
708 762 782 815 ante
793 752 910 816 aditam
926 751 1133 814 hereditatem
1149 751 1261 829 deces-

124 835 159 895 7⁵
176 840 268 917 serit,
285 837 326 900 ad
341 837 492 900 heredem
506 857 598 900 suum
613 839 750 919 legatum
763 840 959 900 transmittit.
990 838 1096 899 *latro
1106 857 1164 900 arr
1174 856 1260 900 rutro
1279 849 1294 897 t

175 923 293 986 *rrrvrr
307 942 448 985 runcatur
459 943 654 986 noctrlnrrs:
672 925 759 986 nullo
772 945 789 987 a
804 925 953 1006 legatario
968 925 1068 986 electo
1083 922 1260 987 decedente

176 1010 233 1072 *eo
257 1019 328 1090 post
349 1009 434 1072 diem
457 1011 551 1090 legati
574 1009 740 1072 cedentem
762 1010 803 1072 ad
824 1009 977 1072 heredem
1000 1012 1169 1072 transmitti
1192 1011 1263 1090 pla-

139 1094 296 1158 8*cuit.*
339 1096 372 1157 Si
390 1115 440 1157 res
455 1095 592 1176 obligata
613 1096 779 1174 creditori,
802 1098 892 1159 cuius
907 1115 1033 1159 causam
1047 1105 1177 1158 testator
1198 1115 1262 1157 non
1304 1139 1306 1146 ·

177 1183 348 1264 ignorauit,
366 1200 425 1262 per
439 1181 672 1244 damnationem
687 1183 789 1263 legata
803 1184 861 1261 sit,
887 1183 976 1244 luitio
991 1182 1032 1244 ad
1054 1181 1183 1244 heredis
1198 1182 1262 1244 sol-

140 1267 158 1325 9
177 1267 379 1330 licitudinem
393 1277 523 1348 spectat.
549 1271 647 1332 Seruo
660 1267 797 1330 fataliter
811 1269 1001 1348 interempto
1016 1269 1159 1347 legatarii
1171 1267 1260 1330 dam·
1279 1279 1311 1325 tt

120 1352 157 1410 t0
177 1374 254 1416 num
269 1364 327 1433 est,
345 1355 421 1434 quia
436 1354 574 1434 legatum
595 1355 681 1415 nulla
696 1356 788 1434 culpa
802 1354 932 1416 heredis
946 1354 1120 1418 intercidit.
1165 1355 1261 1416 Dam-

178 1442 249 1502 nari
264 1441 358 1501 heres
380 1449 500 1519 potest,
526 1449 562 1503 ut
583 1441 677 1502 alicui
699 1439 826 1502 domum
849 1449 975 1502 extruat
989 1450 1043 1502 aut
1064 1459 1138 1502 aere
1159 1441 1261 1502 alieno

121 1524 153 1582 ll
179 1546 254 1589 eum
268 1525 395 1588 liberet.
442 1525 575 1588 sinendi
596 1525 688 1588 modo
703 1536 767 1589 tam
788 1527 967 1606 corporales
987 1545 1039 1588 res
1061 1545 1157 1606 quam
1179 1545 1260 1606 quae

178 1615 212 1674 in
228 1615 299 1674 iure
322 1613 496 1674 consistunt
518 1613 617 1693 legari
639 1622 787 1693 possunt:
817 1622 848 1674 et
869 1613 941 1674 ideo
963 1610 1099 1674 debitori
1122 1612 1155 1674 id
1177 1612 1261 1692 quod

120 1697 158 1756 lh
179 1699 278 1761 dehet
293 1707 378 1759 recte
394 1699 527 1778 legatur.
574 1699 650 1760 Eius
667 1701 714 1760 rei
730 1718 812 1779 quae
826 1699 929 1780 legata
943 1708 992 1760 est
1008 1699 1152 1779 exemplo
1167 1699 1262 1760 here·
1281 1710 1312 1756 tt

179 1785 231 1847 dis
245 1793 368 1863 partem
383 1802 551 1864 agnoscere
562 1793 685 1865 partem
702 1783 870 1865 repudiare
882 1785 1053 1865 legatarius
1068 1802 1131 1846 non
1145 1795 1260 1865 potest.

120 1869 157 1928 ta
180 1875 333 1950 Legatum
347 1871 409 1931 nisi
426 1880 530 1932 certae
545 1872 592 1931 rei
607 1871 649 1932 sit
671 1880 703 1933 ct
716 1871 757 1934 ad
773 1881 890 1932 certam
907 1889 1073 1950 personam
1088 1869 1260 1950 deferatur,

121 1956 157 2014 li
178 1958 301 2018 nullius
323 1965 371 2017 εει
392 1957 553 2018 momenti.
601 1957 634 2017 Si
651 1957 722 2036 quis
745 1955 807 2018 sibi
824 1966 855 2018 et
869 1957 949 2018 Titio
970 1956 1105 2037 legatum
1119 1955 1264 2037 adscrip-

178 2045 274 2121 serit,
297 2042 396 2122 magis
411 2051 475 2122 est,
500 2051 535 2104 ut
555 2051 655 2104 toturn
670 2043 808 2123 legatum
822 2042 863 2105 ad
878 2044 1079 2105 coniunctum
1094 2044 1262 2123 pertineat.

108 2128 161 2186 ll⁸
177 2129 293 2191 *onri
315 2128 452 2207 legatum
473 2129 506 2188 in
528 2128 631 2190 alieno
656 2137 845 2190 testamento
865 2129 1005 2191 scribere
1027 2147 1091 2191 oon
1112 2127 1264 2209 prohibe-
1282 2139 1313 2185 st

121 2213 159 2274 lh
177 2213 302 2276 *mum*
337 2215 397 2287 Qui
413 2233 448 2275 se
464 2214 528 2274 lilio
547 2216 705 2276 testatoris
720 2214 879 2296 impuberi
894 2225 1028 2277 tutorem
1044 2215 1259 2296 adscripserit,

178 2311 215 2364 ut
232 2309 400 2381 suspectus
415 2319 433 2361 a
448 2300 546 2362 tutela
562 2299 776 2362 remouendus
791 2311 853 2380 cst,
871 2301 912 2364 ad
927 2320 1022 2382 quam
1037 2301 1119 2363 ultro
1133 2300 1264 2364 uidetur

121 2386 159 2445 tt
177 2385 366 2450 adfectasse.
401 2387 479 2448 Rern
493 2386 629 2466 legatam
649 2395 780 2448 testator
794 2387 821 2448 si
842 2398 950 2468 postea
970 2388 1095 2469 pignori
1108 2387 1161 2449 uel
1180 2386 1265 2450 fidu-

121 2471 158 2531 tt
178 2476 247 2536 oiae
263 2471 405 2550 dederit,
426 2491 466 2533 ex
481 2491 517 2533 eo
532 2473 728 2534 uoluntatem
743 2482 881 2536 mutasse
902 2493 965 2535 non
979 2473 1121 2535 uidetur.
1166 2475 1265 2536 Vsus-

179 2559 303 2621 fructus
317 2559 568 2638 uniuscuiusque
585 2561 632 2620 rei
647 2559 745 2639 legari
760 2569 864 2640 potest
887 2569 919 2621 et
940 2569 995 2622 aut
1017 2561 1085 2641 ipso
1100 2560 1171 2621 iure
1187 2577 1263 2620 con·
1280 2569 1313 2616 tt

177 2648 329 2708 stituetur
343 2654 397 2706 aut
411 2663 470 2724 per
480 2642 633 2706 heredem
648 2644 877 2724 praestabitur:
897 2665 936 2707 ex
948 2664 1041 2708 causa
1052 2645 1263 2706 damnationis

121 2731 158 2789 ta
177 2750 239 2812 per
254 2729 405 2792 heredem
421 2729 650 2810 praestabitur:
670 2733 738 2811 ipso
754 2733 824 2792 iure
839 2751 898 2812 per
911 2730 1169 2794 uindicationem.
1201 2731 1263 2792 Fu-

176 2818 258 2879 riosi
272 2826 303 2878 et
316 2817 507 2896 aegrotantis
519 2821 550 2878 et
562 2815 694 2878 infantia
706 2816 906 2879 ususfructus
920 2818 1042 2880 utiliter
1056 2817 1260 2896 relinquitur.
1310 2825 1312 2830 “

177 2905 293 2964 horum
310 2903 393 2964 enim
409 2901 490 2963 alius
505 2903 709 2982 resipiscere,
734 2903 815 2964 alius
828 2904 1069 2980 conualescere,
1091 2902 1172 2964 alius
1192 2921 1263 2964 ere·

120 2989 157 3048 l9
177 3007 271 3051 scere
286 2997 399 3068 potest.
437 2987 578 3050 Ancillae
600 2988 769 3050 usufructu
784 2990 885 3069 legato
907 2999 1016 3070 partus
1036 2989 1106 3050 eius
1127 2986 1167 3049 ad
1182 3005 1262 3050 usu·
1280 2999 1312 3046 to

118 3076 156 3134 ΞΟ
176 3074 387 3137 fructuarium
408 3091 472 3136 non
493 3075 665 3154 pertinent.
713 3074 825 3156 Gregis
850 3075 1018 3138 usufructu
1038 3075 1140 3154 legato
1165 3092 1261 3154 grege

180 3226 814 3243 VUVVNVMMMNWAAwwvxmvaMMWNs
817 3227 1206 3241 ΜΝἉΛΑΛΛνυνᾺΛΛΙΝΝανννυ·
1210 3228 1259 3242 ΜΛ

249 3299 275 3358 ε,
289 3300 318 3345 aa
331 3317 362 3340 =
376 3295 437 3360 nto.
452 3300 494 3357 aa,
510 3299 535 3356 a,
550 3299 581 3344 ts
611 3297 622 3361 ιι
653 3299 677 3358 ε,
694 3297 739 3346 tt·
752 3317 783 3340 ι.-
798 3297 857 3361 atq.
873 3298 914 3359 ts,
930 3300 971 3359 ro,
987 3299 1072 3358 repr.
1103 3295 1115 3360 ιι
1143 3299 1169 3360 ε,
1184 3300 1214 3346 ιε
1229 3315 1261 3340 2

178 3367 239 3438 naq.
255 3368 298 3427 ts,
313 3368 355 3426 to,
369 3367 437 3426 aar

178 3482 1262 3500 MMAAMNVVWWWNMMRAWWAMWMANWWWVWWJWNJ

251 3574 261 3618 t
279 3569 395 3620 conferri
406 3571 442 3630 M,
458 3569 574 3620 conferri
587 3569 774 3620 confirmarit
803 3570 815 3634 ι
843 3575 928 3633 apost
938 3581 1017 3621 meus
1027 3571 1187 3622 interciderit
1199 3581 1263 3620 cum

180 3641 315 3690 morietur
348 3638 360 3702 ι
396 3644 426 3688 to
446 3639 546 3690 damno
560 3640 608 3690 stt
644 3639 655 3702 ιι
691 3642 721 3687 ta
742 3639 952 3704 corporalislft
987 3639 999 3703 ιι
1033 3639 1164 3703 relegata
1177 3639 1225 3690 ut
1254 3634 1265 3703 ΙΙ

179 3713 209 3758 st
232 3708 410 3772 adscripserit
427 3745 434 3758 .
451 3746 457 3759 .
474 3746 480 3759 .
501 3711 532 3758 ιε
551 3707 710 3771 adfectasse]
724 3708 877 3773 adscripsit,
897 3709 947 3758 etsi
960 3711 1102 3772 suspectus
1113 3721 1264 3772 esseprae·

180 3779 308 3837 sumitur,
322 3777 395 3840 quod
407 3777 479 3828 ultro
491 3777 603 3827 tutelam
614 3775 754 3827 uidebitur
766 3776 925 3840 adfectasse,
939 3779 1030 3827 tamen
1044 3778 1066 3827 si
1078 3776 1192 3827 idoneus
1205 3789 1265 3827 esse

180 3845 357 3911 approbetur,
377 3859 431 3896 non
450 3861 482 3896 ex
500 3847 676 3906 testamento,
695 3845 792 3896 seder
811 3845 921 3896 decreto
933 3847 1006 3895 tutor
1017 3845 1125 3896 dandos
1137 3849 1191 3896 est:
1212 3858 1264 3896 nec

179 3915 319 3966 excusatio
331 3916 391 3966 eius
402 3915 569 3977 admittetur,
589 3915 653 3979 quia
671 3915 843 3964 consensisse
860 3915 971 3964 uidetur
981 3914 1115 3964 uoluntati
1128 3915 1265 3965 testatoris

180 3985 241 4047 Dia.
272 3982 284 4046 ιι
313 3986 344 4032 st
357 3981 486 4048 ooteftt
500 3985 633 4034 maneum
644 3982 678 4034 de
690 3981 832 4034 usufructu
847 3985 897 4033 ias.
912 3985 1010 4034 codices
1038 3983 1049 4046 ιι
1079 3987 1110 4032 st
1130 3981 1225 4034 furiosl
1238 3985 1265 4034 et

179 4053 345 4116 aegrotantis
358 4056 385 4103 ει
397 4051 506 4103 infantis
521 4052 650 4112 Calactae,
665 4050 768 4103 furioso
780 4055 807 4102 et
818 4053 968 4116 aegrotanti
981 4055 1008 4102 et
1020 4051 1116 4102 infanti
1129 4055 1229 4102 codices
1255 4050 1265 4118 ιι

179 4126 212 4170 29
232 4122 393 4188 resipiscere
405 4123 477 4182 dett,
491 4123 626 4186 respicere
639 4121 688 4172 nt
