3060 4828
265 337 350 402 let
664 367 751 382 ...-
795 336 813 397 6
858 369 944 382 .-

224 527 417 588 9minorum
446 527 529 586 inter
558 525 644 586 ciues
672 526 825 586 Romanos
856 540 987 586 censum
1016 523 1254 604 profitebantur.
1305 527 1344 587 Vt

261 619 449 673 testamento
472 611 657 672 manumissi
679 611 771 672 liberi
794 613 873 689 sint,
900 611 952 671 lex
974 608 1142 672 duodecim
1163 610 1342 674 tabularum

261 695 346 776 iacit,
372 716 452 778 quae
476 697 639 758 confirmat
664 743 786 758 .....
1093 709 1094 714 ’

203 783 240 842 40
349 829 355 844 .
378 829 384 842 .
406 830 413 844 .
435 831 441 843 .
461 782 554 844 hodie
578 792 682 845 autem
707 785 773 864 ipso
797 784 865 844 iure
889 781 982 842 liberi
1006 791 1080 843 sunt
1099 783 1223 863 exlege
1239 783 1339 864 lunia,

261 887 324 949 qua
345 869 415 948 lege
438 869 538 930 Latini
558 870 638 948 fiunt
661 869 841 930 nominatim
864 869 948 928 inter
970 869 1085 929 amicos
1108 869 1303 931 manumissi.
1332 865 1336 874 ’
1361 881 1376 926 5

202 955 235 1014 44
344 953 570 1016 Dediticiorum
593 974 726 1016 numero
748 963 823 1016 sunt
841 955 896 1034 qui
911 973 1030 1034 poenae
1046 956 1252 1032 causa-uincti
1268 966 1343 1017 sunt

259 1059 277 1101 a
300 1039 436 1120 domino,
462 1039 622 1121 quibusue
645 1043 788 1121 stigmata
803 1041 921 1120 scripta
937 1038 1076 1119 fuerunt,
1103 1041 1198 1120 quiue
1212 1051 1343 1122 propter

260 1145 372 1188 noxam
401 1127 475 1188 torti
497 1135 712 1206 nocentesque
736 1128 860 1188 inuenti
883 1137 971 1204 sunt,
1002 1127 1100 1206 quiue
1123 1126 1231 1188 traditi
1253 1139 1338 1206 sunt,

170 1269 174 1273 .
259 1221 295 1274 ut
323 1211 407 1274 ferro
437 1221 492 1274 aut
521 1231 592 1274 cum
622 1211 733 1296 bestiis
763 1211 998 1294 depugnarent,
1031 1213 1080 1273 uel
1102 1214 1134 1272 t'n
1157 1213 1263 1274 ludum
1289 1214 1341 1274 uel

259 1297 433 1368 custodiam
456 1299 589 1360 coniecti
612 1297 750 1377 fuerunt,
777 1297 891 1360 deinde
909 1317 1034 1379 quoquo
1050 1297 1141 1360 modo
1156 1301 1342 1360 manumissi
1363 1313 1393 1358 to

261 1389 351 1446 sunt:
379 1384 476 1464 idque
498 1385 554 1464 len¹
573 1383 662 1448 Aelio
685 1387 789 1446 Sentia
812 1385 895 1446 facit.

202 1471 240 1532 i2
346 1470 464 1532 Eadem
492 1471 559 1551 iege
590 1480 717 1533 cautum
746 1480 809 1550 est,
841 1479 877 1532 ut
906 1472 1007 1531 minor
1035 1470 1163 1550 triginta
1188 1489 1342 1532 annorum

260 1575 372 1618 seruus
394 1556 537 1620 uindicta
559 1559 772 1618 manumissus
802 1558 881 1618 ciuis
904 1557 1061 1618 Romanus
1088 1575 1151 1618 uon
1178 1557 1248 1635 fiat,
1281 1558 1343 1617 nisi

259 1641 345 1722 apud
368 1643 531 1705 consilium
555 1663 648 1704 causa
670 1643 802 1723 probata
820 1641 934 1704 fuerit:
959 1642 1030 1704 ideo
1049 1643 1117 1704 sine
1134 1644 1260 1704 consilio
1275 1661 1343 1703 ma-

259 1730 436 1790 numissum
454 1729 596 1794 Caesaris
619 1748 748 1790 seruum
771 1745 900 1790 manere
922 1738 1023 1808 putat.
1063 1737 1251 1790 testamento
1267 1747 1343 1790 uero
1363 1742 1394 1788 is

259 1817 488 1876 manumissum
509 1814 644 1894 perinde
667 1814 778 1876 haberi
800 1813 899 1892 iubet,
925 1824 1021 1894 atque
1045 1815 1071 1875 si
1093 1811 1212 1876 domini
1228 1815 1344 1877 uolun-

201 1899 239 1959 43
258 1908 321 1961 tate
344 1903 377 1961 in
399 1899 546 1962 libertate
570 1909 662 1977 esset,
689 1899 825 1981 ideoque
842 1901 970 1961 Latinus
986 1900 1030 1960 fit.
1071 1899 1188 1962 Eadem
1203 1901 1256 1962 lex
1271 1921 1344 1962 eum

260 1985 432 2066 domiuum,
460 1988 515 2066 qui
539 1989 642 2046 minor
663 1988 778 2067 uiginti
797 1995 1024 2064 annorum‘est,
1052 1985 1199 2066 probibet
1215 2005 1343 2050 seruum

213 2139 214 2142 Ἴ
260 2074 500 2151 manumittere,
529 2081 752 2152 praeterquam
776 2075 803 2134 si
826 2091 953 2134 causam
975 2071 1059 2152 apud
1082 2073 1245 2134 consilium
1269 2092 1345 2152 pro-

189 2157 242 2217 43ιι
259 2156 393 2220 bauerit.
440 2159 475 2219 In
498 2159 627 2219 consilio
649 2168 753 2219 autem
777 2158 970 2220 adhibentur
992 2159 1104 2220 Romae
1126 2159 1268 2238 quinque
1291 2177 1344 2220 se·
1363 2172 1393 2218 44

259 2253 384 2304 natores
413 2253 445 2304 et
475 2245 617 2324 quinque
647 2247 771 2324 equites
793 2245 941 2322 Romani,
973 2245 1006 2304 in
1034 2245 1208 2324 prouinciis
1230 2246 1343 2324 uiginti

201 2329 239 2388 44
259 2331 486 2410 reciperatores
515 2332 601 2392 ciues
623 2332 764 2392 Romani.
812 2329 861 2392 Ab
892 2350 927 2391 eo
956 2329 1083 2392 domino
1111 2332 1166 2410 qui
1193 2329 1343 2392 soluendo

260 2434 321 2476 non
349 2424 397 2476 est
425 2434 538 2478 seruus
566 2427 754 2478 testamento
784 2416 866 2478 liber
896 2435 964 2478 esse
994 2419 1099 2478 iussus
1123 2425 1153 2477 et
1176 2418 1270 2478 heres
1292 2417 1344 2477 in-

260 2503 399 2580 stitutus,
426 2511 457 2562 et
479 2505 506 2563 si
529 2504 631 2564 minor
653 2504 693 2563 sit
716 2503 845 2584 triginta
867 2503 958 2564 annis
981 2503 1033 2563 uel
1057 2505 1089 2562 in
1113 2521 1149 2564 ea
1172 2521 1265 2564 causa
1288 2504 1339 2575 sit,

259 2595 294 2647 ut
317 2586 487 2648 dediticius
509 2588 578 2649 fieri
602 2587 733 2666 debeat,
765 2591 844 2650 ciuis
866 2591 1028 2650 Romanus.
1052 2598 1083 2649 et
1112 2589 1205 2649 heres
1224 2587 1279 2669 sit:
1315 2591 1340 2649 si
1362 2602 1393 2648 44

258 2681 363 2734 tamen
394 2673 475 2734 alius
504 2693 544 2735 ex
573 2695 609 2735 eo
639 2683 825 2736 testamento
852 2693 944 2736 nemo
974 2676 1067 2736 heres
1098 2676 1149 2735 sit.
1202 2673 1286 2754 quod
1316 2675 1341 2734 si

259 2757 320 2820 duo
343 2759 494 2838 pluresue
517 2759 612 2821 liberi
635 2761 832 2840 heredesque
857 2781 924 2823 esse
948 2763 1025 2822 iussi
1049 2761 1122 2838 sint,
1152 2761 1255 2840 primo
1278 2761 1343 2820 loco

259 2845 395 2926 scriptus
418 2843 501 2906 liber
523 2856 554 2908 et
576 2847 671 2908 heres
695 2848 739 2932 fit,
766 2846 851 2926 quod
874 2857 905 2908 et
928 2848 1031 2927 ipsum
1055 2847 1106 2908 lex
1127 2845 1216 2906 Aeno
1239 2847 1342 2906 Sentia

201 2929 238 2989 45
259 2929 343 2993 iacit.
390 2931 509 2992 Eadem
536 2933 589 2992 lex
618 2934 650 2993 in
677 2932 818 2994 fraudent
841 2932 1006 2994 creditoris
1029 2941 1059 2992 et
1082 2931 1206 3010 patroni
1229 2949 1343 2992 manu-

257 3018 385 3078 mittere
407 3017 566 3098 prohibet.
1361 3031 1392 3076 ³⁰

260 3174 307 3185 dxlv*
312 3161 1340 3187 vvwvvmmmvwvmwmwvwmwwwvwmtwwvvxmmmm

326 3263 411 3320 apost
424 3257 567 3308 confirmat
578 3261 606 3307 in
622 3258 794 3321 coequentur
803 3272 831 3320 p.
848 3263 871 3318 5,
888 3262 981 3317 4-43,
996 3257 1027 3318 os.
1040 3255 1125 3317 praes.
1140 3257 1293 3304 sententium
1305 3259 1342 3306 sic

257 3327 313 3390 fere
324 3328 431 3388 amplam
447 3341 517 3391 quae
530 3325 675 3377 confirmat
686 3342 717 3377 ea
730 3341 800 3390 quae
812 3330 925 3376 testator
937 3326 970 3375 de
983 3326 1039 3375 suis
1052 3323 1134 3373 rebus
1146 3323 1313 3386 disposuerit
1333 3322 1343 3391 44

258 3398 272 3444 4
291 3398 365 3446 initio
384 3393 396 3459 4
411 3400 441 3443 to
456 3397 520 3446 tutia
531 3395 586 3458 fere
598 3399 799 3446 interciderunt:
819 3398 932 3458 quinon
946 3395 1065 3457 legitime
1078 3393 1238 3442 manumissi
1252 3396 1339 3444 erant.

258 3465 306 3514 sed
325 3465 399 3514 nuda
417 3464 592 3514 dominorum
610 3465 750 3514 uoluntate
769 3463 893 3514 libertate
913 3463 1114 3520 domuerant,
1142 3461 1207 3509 oiim
1229 3461 1341 3525 quidem

257 3536 330 3583 serui
349 3533 540 3591 remanebant,
561 3535 670 3596 praetor
687 3535 778 3583 autem
796 3547 844 3582 eos
862 3533 889 3580 in
909 3531 1041 3581 libertatis
1053 3530 1226 3593 possessione
1244 3529 1342 3581 tueba-

256 3605 302 3650 tur
329 3599 339 3666 ΙΙ
368 3600 478 3663 tfiunt]
494 3601 592 3651 su'ntC
619 3598 629 3666 ΙΙ
658 3602 818 3653 nominatim
831 3601 914 3663 Huqo,
934 3599 1083 3649 nominati*
1099 3597 1131 3648 0²
1144 3597 1342 3660 (fortosscnitil

257 3671 329 3719 aliud
345 3672 397 3718 nisi
414 3672 628 3731 interpunctionis
645 3675 748 3734 stpnurn
765 3681 871 3718 erasum
888 3671 936 3728 cst)
971 3663 981 3732 ΙΙ
1017 3672 1030 3715 7
1055 3665 1190 3730 quibusue
1216 3668 1341 3730 stigmata

260 3739 389 3797 Guiaoiut,
404 3738 504 3801 quibus
515 3739 631 3801 uestigia
647 3739 666 3790 C
682 3736 692 3806 d
709 3739 840 3800 inscripta
855 3737 912 3786 Gai.
930 3743 953 3796 4,
970 3739 1010 3794 tt,
1026 3735 1057 3797 cs.
1074 3739 1159 3784 tumen
1174 3737 1339 3796 Quinctilium
1371 3794 1374 3798 .

256 3809 282 3866 7,
298 3811 322 3865 4,
339 3811 370 3855 nt
405 3804 415 3871 ΙΙ
449 3809 531 3870 quiue
551 3807 689 3871 Schiiiinp,
710 3805 798 3870 quiC
831 3803 841 3870 41
877 3805 953 3854 tuel
973 3807 1000 3853 iu
1019 3803 1114 3852 ludum
1133 3816 1182 3852 ont.
1200 3805 1234 3863 C,
1254 3807 1338 3867 suppl.

257 3874 383 3937 Sobilliup
394 3889 429 3925 cco
444 3875 508 3927 Gaio
521 3883 544 3938 4,
561 3880 594 3927 45
609 3873 619 3942 ΙΙ
639 3882 665 3925 44
689 3877 741 3925 alia
753 3873 849 3935 sentia]
864 3875 938 3922 ascia
955 3872 974 3923 Ο
989 3869 999 3938 d
1019 3877 1048 3920 44
1063 3873 1149 3935 legem
1166 3873 1184 3922 C
1200 3869 1210 3939 ΙΙ
1229 3876 1259 3921 44
1274 3887 1341 3924 con-

256 3944 348 3992 silium
364 3943 384 3994 C
399 3941 410 4012 ΙΙ
428 3949 458 3994 to
473 3946 591 3995 caesaris
606 3945 632 4005 0,
648 3943 775 3994 leeriia
785 3943 876 3991 Sentia
886 3941 974 4003 Hertz,
990 3943 1099 3992 Cassius
1110 3942 1208 3990 Pucitta
1224 3939 1235 4007 ΙΙ
1251 3947 1283 3991 44
1295 3957 1341 3992 ro-

256 4011 365 4062 maniC
386 4009 396 4079 ΙΙ
418 4015 445 4062 44
463 4014 605 4078 prouincia
622 4013 641 4064 C
663 4009 673 4077 ΙΙ
697 4015 728 4060 44
742 4010 939 4073 receperatoris
954 4011 974 4062 G
990 4007 1000 4076 ΙΙ
1018 4009 1166 4060 soluendus
1182 4010 1201 4060 0
1220 4007 1230 4075 ΙΙ
1254 4016 1285 4060 44
1300 4013 1341 4059 te-

255 4082 421 4214 strupentic
448 4079 458 4148 ΙΙ
487 4083 660 4132 4444444444445
676 4081 708 4131 Ca
736 4076 746 4144 ss
776 4077 952 4140 sanusne
978 4075 989 4145 ΙΙ
1018 4079 1340 4141 28aeliasentia1ascia

259 4149 279 4200 C
346 4154 376 4200 29
397 4151 529 4201 iraudeG
