3066 4826
549 355 871 416 ——tttt—

188 593 451 657 FRAGMENTVM
466 593 702 656 REGVLARVM
721 595 875 655 lNCERTl
891 593 1082 656 AVCTORIS
1098 596 1232 656 lNTEll-

375 697 646 760 PnETAMENTts
657 697 838 758 DOSlTHEl
854 699 1047 759 INSERTVM

299 840 452 898 Dositheus
474 841 609 911 magister
625 841 890 912 interpretamentis
910 841 979 895 artis
993 841 1204 910 grammaticae,

212 942 302 996 quam
323 942 397 982 auno
421 931 479 984 207
505 928 675 996 composuit,
702 926 891 996 fragmentum
915 925 1027 981 iuridici
1049 928 1208 995 argumenti

213 1014 345 1080 inseruit,
370 1028 428 1084 quo
451 1013 562 1068 initium
585 1013 650 1073 libri
669 1013 819 1068 cuiusdam
834 1011 1000 1083 regularum
1015 1011 1113 1066 Latine
1128 1027 1209 1068 com·

213 1099 299 1167 positi
321 1098 387 1156 olim
410 1099 544 1154 ellectum
566 1097 654 1154 iuisse
678 1104 706 1154 et
728 1096 819 1154 uerba
841 1095 888 1169 §3
913 1099 1026 1170 repulus
1049 1101 1209 1170 consequenti

213 1185 283 1240 milti
304 1183 429 1248 iudicant
452 1193 479 1239 et
502 1185 564 1255 ipsa
587 1185 683 1254 operis
705 1184 741 1240 ad
756 1184 835 1254 quod
851 1183 1042 1254 fragmentum
1057 1183 1123 1240 olim
1139 1199 1209 1253 per-

212 1271 297 1326 tinuit
311 1269 423 1326 indoles
438 1270 562 1328 suadere
577 1271 705 1326 uidetur.

301 1356 454 1412 Dositheus
469 1357 566 1412 Latino
583 1357 907 1426 Interpretamentorum
930 1357 1075 1412 contextui
1094 1357 1208 1412 uersio·

213 1458 281 1497 nem
296 1443 434 1498 Graecam
456 1458 488 1498 se
510 1442 653 1498 addidisse
676 1448 807 1510 testatur,
834 1447 921 1512 atque
943 1442 1113 1498 uniuersum
1135 1457 1208 1511 opus

213 1529 339 1583 Latinam
354 1528 480 1598 linguam
496 1527 691 1584 ediscentibus
706 1527 868 1584 destinauit.
907 1533 1008 1597 postea
1023 1534 1120 1582 autern
1136 1527 1163 1582 id
1179 1528 1208 1582 in

215 1629 299 1669 usum
314 1629 415 1669 eorum
431 1615 481 1684 qui
496 1614 607 1670 Graece
622 1603 796 1670 docerentur
811 1613 931 1669 cessisse
939 1609 1043 1684 'neque
1055 1613 1208 1670 Dositheo-

214 1715 317 1757 norum
332 1701 656 1770 interpretamentorum
678 1701 876 1756 recensionem
898 1699 933 1754 ad
956 1714 1010 1755 nos
1026 1700 1204 1770 peruenisse,

213 1785 266 1840 sed
288 1786 362 1841 hauc
384 1787 480 1858 operis
501 1792 613 1858 partem
636 1786 696 1841 iere
716 1801 821 1841 nouam
836 1785 938 1840 taciem
953 1785 1079 1841 induisse
1096 1801 1130 1840 ex
1147 1787 1208 1857 ipsa

214 1873 536 1941 interpretamentorum
561 1871 657 1942 qualia
683 1872 837 1927 traduntur
861 1871 1029 1928 condicione
1055 1877 1208 1928 consenta-

215 1973 303 2012 neum
325 1963 379 2013 est.
419 1958 523 2014 menda
538 1959 615 2014 enirn
630 1960 659 2013 in
673 1964 797 2028 utroque
825 1951 864 2032 (id
879 1963 922 2013 est
936 1958 966 2012 in
982 1957 1092 2014 Graeco
1107 1964 1136 2014 et
1152 1959 1207 2013 La·

214 2036 282 2118 tino)
310 2048 390 2100 textu
412 2043 499 2101 obuia
522 2044 596 2101 iacta
617 2043 756 2116 pleraque
778 2059 837 2100 non
859 2043 924 2099 talia
945 2049 1021 2114 sunt,
1048 2044 1143 2114 qualia
1158 2039 1207 2100 au't

212 2128 395 2185 librariorum
424 2129 555 2187 socordia
585 2137 634 2186 aut
663 2129 737 2186 male
763 2130 915 2187 doctorum
940 2129 1207 2202 interpolationibus

212 2217 388 2284 nascuntur,¹
409 2215 460 2271 sed
484 2217 579 2286 potius
600 2232 759 2286 puerorum
774 2217 919 2288 ingenium
935 2216 1071 2288 produnt,
1098 2217 1148 2286 qui
1164 2216 1206 2272 al-

212 2302 303 2356 terius
325 2299 437 2371 linguae
455 2307 619 2376 contextum
635 2302 670 2357 ad
687 2301 778 2358 uerba
792 2302 934 2358 uertendo
950 2305 986 2358 ita
1002 2303 1092 2357 altera
1107 2302 1207 2358 reddi-

212 2387 307 2444 derint
323 2393 351 2444 et
366 2389 569 2458 expresserint,
592 2394 624 2443 ut
638 2389 729 2458 ipsam
745 2390 841 2458 operis
856 2389 1027 2444 sententiam
1041 2387 1205 2459 intellegere

212 2477 241 2528 et
255 2473 294 2528 ita
308 2461 341 2529 ut
354 2473 560 2545 apte-intellegi
575 2481 673 2546 posset
689 2480 803 2530 uertere
818 2476 934 2530 minime
950 2480 1095 2532 curarent.

298 2560 499 2629 Fragmentum
514 2560 582 2616 illud
599 2560 711 2616 iuridici
722 2562 892 2630 argumenti,
911 2561 947 2616 de
960 2576 1018 2630 quo
1030 2577 1118 2630 supra
1131 2560 1206 2616 dixi-

212 2661 287 2713 mus,
314 2644 371 2702 duo
395 2645 508 2703 codices
530 2647 560 2702 in
582 2646 756 2702 bibliotheca
780 2647 1055 2718 Lugduno-Bataua
1078 2652 1206 2702 extantes

138 2729 141 2740 “
211 2729 342 2786 tradunt:
361 2731 443 2800 alter,
466 2733 516 2802 qui
531 2748 684 2788 numerum
702 2737 739 2789 80
758 2733 821 2802 lert,
842 2732 959 2789 saeculo
975 2725 1015 2785 IX
1030 2731 1077 2786 uel
1093 2732 1121 2785 X
1142 2724 1206 2804 (no-

212 2815 257 2871 bis
276 2810 326 2891 V),
352 2817 433 2885 alter,
460 2819 509 2888 qui
526 2816 659 2889 omittit§
680 2823 705 2887 t,
732 2834 853 2875 numero
871 2823 903 2875 64
925 2819 1043 2887 insignis
1063 2811 1156 2892 (nohis
1171 2813 1200 2890 S)
1226 2860 1228 2866 ,

211 2902 326 2974 losephi
348 2902 482 2974 Scaligeri
512 2920 599 2959 manu
629 2904 752 2974 scriptus
775 2909 829 2959 est.
872 2903 928 2959 hoc
950 2909 1047 2957 autem
1070 2901 1205 2972 Scaligeri

211 2989 408 3060 apographum
431 2990 607 3062 descriptum
623 2995 666 3044 est
681 2997 729 3046 aut
744 3006 780 3044 ex
796 2995 858 3060 ipso
874 2988 983 3045 Claudii
998 2989 1116 3043 Puteani
1131 2985 1205 3044 libro

211 3076 438 3147 manuscripto,
469 3093 504 3130 ex
526 3091 585 3145 quo
608 3077 709 3131 Petrus
731 3075 866 3132 Pithoeus
889 3075 1018 3130 Latinum
1040 3079 1206 3130 contextum

211 3160 278 3216 inde
300 3158 346 3232 a§
364 3167 379 3219 2
398 3161 485 3217 edidit
496 3156 530 3236 ¹),
558 3168 605 3235 alut
630 3177 664 3216 ex
687 3161 829 3218 simillimo
838 3155 876 3235 2).
923 3160 969 3216 hic
992 3161 1109 3215 Puteani
1133 3147 1206 3215 liber

210 3246 331 3302 fortasse
353 3247 430 3302 idem
452 3251 605 3317 astatque
628 3247 720 3304 codex
741 3248 907 3304 Parisiensis
922 3247 1013 3301 Latin.
1034 3251 1114 3304 6503
1139 3261 1205 3301 sae-

210 3333 268 3388 culi
283 3333 311 3387 X
325 3333 373 3387 uel
388 3333 429 3388 Xl
438 3327 458 3409 i)
491 3325 584 3408 (nobis
599 3326 643 3406 P),
669 3335 698 3389 in
721 3335 803 3390 cuius
827 3333 892 3388 lolio
915 3333 1008 3402 primo
1024 3333 1127 3402 legitur
1142 3333 1203 3392 luc,

210 3418 328 3474 Puteuni
344 3419 384 3474 ct.
402 3420 464 3492 fit:
491 3417 569 3489 quod
592 3425 686 3473 tamen
704 3434 756 3488 pro
772 3427 851 3475 certo
867 3417 1010 3474 affirmare
1026 3433 1083 3474 non
1099 3419 1200 3486 ausim,

165 3549 734 3563 viv-hlvvvvvxlvvvstwaevxmvvvadNN'vvvwkx
742 3551 997 3564 «κΛΛΛΛΛΛΛΑΛΛΛωΛΛΛ-
1008 3550 1066 3562 umus.
1078 3557 1081 3560 .
1094 3557 1099 3561 .
1114 3550 1149 3561 rw]
1159 3549 1241 3561 Λινννν

235 3616 251 3678 ¹)
274 3619 433 3681 Fragmenta
450 3619 584 3684 quaedam
603 3619 743 3682 Papiniani
757 3618 832 3668 Pauli
845 3619 952 3683 leiaui
965 3619 1022 3669 Gaii
1036 3617 1179 3668 Modestini
1192 3620 1244 3668 etc.

166 3699 199 3735 ex
212 3685 376 3737 bibliotheca
389 3688 416 3736 P.
432 3688 544 3737 Pithoei.
565 3688 685 3738 Lutetiae
699 3689 763 3735 itit
776 3700 802 3750 p.
819 3690 866 3735 443
877 3700 936 3751 sqq.

234 3751 252 3818 ²]
274 3755 475 3806 Dubitatiouem
494 3755 559 3805 mihi
572 3756 744 3820 potissimum
758 3756 940 3820 discrepantia
952 3758 979 3805 in
992 3753 1005 3819 i
1019 3759 1049 3803 t't
1064 3753 1146 3805 obuia
1159 3756 1245 3816 inicit,

164 3821 214 3950 {rbi
227 3825 255 3872 iu
269 3823 288 3874 S
300 3825 398 3887 legitur
416 3841 501 3892 μεντοι
511 3820 640 3892 καθαρμω
652 3822 770 3882 articam,
791 3823 864 3888 apud
877 3825 1016 3874 Pithoeum
1036 3821 1068 3890 δη
1080 3817 1247 3892 καθαρμωτι-

179 3907 239 3942 erui.
1261 3938 1263 3944 .

233 3957 252 4023 ⁸)
275 3961 323 4012 llis
341 3961 458 4012 saeculis
475 3975 538 4011 eum
556 3962 652 4012 tribuit
669 3962 711 4010 Fr.
726 3961 812 4012 llaase
831 3961 904 4026 apud
917 3960 1120 4024 Boecktngtum,
1140 3960 1247 4025 leiani

165 4026 315 4091 fragmenta
327 4029 371 4080 ed.
386 4031 421 4080 lV
435 4032 540 4096 Lipsiae
554 4033 619 4080 4855
631 4043 659 4094 p.
675 4033 737 4079 458:
761 4030 862 4080 saeculi
875 4031 934 4079 Vlll
945 4030 995 4080 uel
1005 4029 1042 4080 ill
1060 4027 1178 4079 eundem
1197 4041 1246 4079 co-

165 4097 257 4148 dicem
275 4111 335 4149 esse
353 4098 413 4148 uult
430 4100 460 4150 Α.
475 4099 633 4159 Boucherie,
652 4099 764 4149 Notices
783 4103 809 4149 et
827 4100 936 4149 extruite
952 4097 1000 4148 des
1013 4109 1077 4148 mss.
1092 4098 1126 4148 de
1139 4097 1164 4148 lu
1177 4097 1244 4148 bibl.

166 4167 302 4217 nationale
312 4169 363 4218 ete.
378 4170 442 4217 tom.
457 4167 552 4219 xxm.
573 4169 648 4218 Paris
662 4171 726 4217 4844
740 4181 767 4232 p.
780 4171 838 4217 295.
