3028 4830
559 418 645 432 ...-
689 387 729 450 35
773 421 859 434 ....
1074 389 1134 454 up.
1149 393 1249 440 33-33

166 571 207 634 331
224 591 320 652 quem
332 573 398 652 lege
414 571 572 635 hereditas
583 574 778 636 honorumue
793 577 949 675 possessio
965 595 1036 639 oum
1049 597 1083 639 re
1099 580 1247 680 pertinet,

167 676 275 738 neque
291 657 387 719 irater
402 661 670 740 consanguineus:
697 661 823 740 quod
796 681 824 723 sr
841 681 927 724 soror
949 666 1181 744 consanguinea
1196 666 1246 742 sit,
1330 706 1335 716 ι

168 743 209 806 ad
224 753 376 824 utrasque
392 747 554 825 pertinere
572 745 700 809 iubetur
715 747 838 810 heredit
825 757 885 810 t.as

295 932 384 1014 [xxvii
428 954 464 994 nn
487 951 670 1002 nrusnronru
692 953 928 997 33333333333333
951 955 1005 996 unu
1028 937 1125 1018 souis]

131 1053 143 1110 1
256 1052 452 1115 Libertorum
474 1055 694 1116 intestatorum
709 1055 868 1116 hereditas
889 1057 1028 1136 primum
1043 1055 1083 1117 ad
1104 1075 1177 1119 suos
1193 1059 1283 1120 he-tt

169 1139 263 1201 redes
284 1140 439 1218 pertinet,
464 1139 581 1202 deinde
603 1141 643 1202 ad
663 1159 733 1218 333,
762 1159 895 1220 quorum
917 1141 1026 1203 liberti
1049 1152 1139 1221 sunt,
1163 1145 1251 1206 uelut

129 1226 148 1286 2
168 1234 334 1304 patronum
351 1236 514 1305 patronam
537 1226 696 1288 liberosue
712 1228 847 1308 patroni.
883 1228 916 1288 Si
931 1229 971 1288 sit
986 1237 1136 1308 patronus
1159 1239 1191 1291 et
1205 1230 1252 1290 al-

168 1312 268 1372 terius
290 1311 412 1390 patroni
436 1311 534 1389 filius,
560 1311 600 1373 ad
616 1313 717 1374 solum
732 1322 897 1390 patronum
919 1313 1076 1375 hereditas
1097 1316 1247 1394 pertinet.

82 1397 102 1456 3
130 1399 247 1457 ditem
270 1399 393 1476 patroni
416 1397 499 1458 filius
514 1400 639 1478 patroni
662 1397 832 1478 nepotibus
848 1398 959 1460 obstat.
991 1398 1040 1460 Ad
1061 1399 1178 1462 liberos
1193 1420 1251 1481 pa-

169 1493 331 1544 tronorum
347 1482 509 1544 hereditas
524 1483 666 1547 defuncti
682 1486 820 1564 pertinet
834 1487 886 1563 ita,
907 1495 942 1546 ut
958 1486 991 1546 in
1008 1487 1121 1566 capita,
1139 1489 1250 1566 nonin
1270 1498 1301 1543 33

169 1569 283 1649 stirpes
299 1567 471 1631 diuidatur.

129 1655 147 1714 5
256 1656 426 1735 Legitimae
439 1654 625 1716 hereditatis
638 1657 698 1734 ius,
718 1655 802 1736 quod
815 1658 935 1736 exlege
948 1655 1114 1719 duodecim
1126 1658 1251 1720 tabula-

170 1759 242 1802 rum
258 1739 433 1817 descendit,
452 1741 564 1821 cepitis
580 1742 754 1803 minutione
770 1743 937 1804 amittitur.

423 1929 523 2010 [xxvru
566 1949 603 1990 333
627 1949 860 1992 rossnssrorunvs
882 1930 998 2010 uruurs]

129 2051 141 2108 1
256 2050 412 2110 Bonorum
434 2051 587 2128 possessio
609 2048 702 2111 datur
724 2059 777 2112 aut
798 2059 907 2112 contra
927 2050 1051 2112 tabulas
1072 2053 1252 2114 testamenti
1271 2064 1302 2110 33

168 2143 224 2196 331
238 2134 402 2195 secuudum
416 2134 540 2196 tabulas
555 2143 610 2196 out
625 2137 775 2197 intestati.
1302 2167 1303 2170 ¹

128 2221 147 2280 3
258 2220 335 2280 Cont
323 2230 404 2281 ttra
392 2220 516 2282 tabulas
539 2220 693 2282 bonorum
719 2223 873 2301 possessio
896 2220 990 2282 datur
1011 2221 1121 2283 liberis
1144 2241 1253 2284 eman-

170 2306 315 2386 cipatist
318 2315 365 2366 33
367 2316 597 2386 amenoprae
599 2317 659 2368 err
661 2326 702 2385 rs
722 2308 794 2368 licet
782 2308 953 2387 tlegitimu
974 2327 1037 2369 non
1053 2308 1092 2370 ad
1109 2327 1162 2370 eos
1177 2329 1253 2388 pcr

128 2393 268 2452 auocat
289 2391 460 2453 hereditas
500 2394 656 2454 Bonorum
682 2396 836 2492 possessio
859 2403 930 2454 cont
933 2403 1005 2454 rat
993 2393 1116 2456 tabulas
1142 2394 1253 2456 liberis

168 2487 234 2538 tam
249 2487 303 2538 nat
292 2477 446 2539 turalibus
468 2497 562 2558 quam
578 2479 682 2558 adopt
674 2481 734 2540 ruis
754 2475 863 2540 datur:
890 2479 949 2540 sed
969 2479 1167 2542 naturalibus
1182 2483 1254 2560 qui-
1272 2492 1303 2538 so

170 2563 243 2625 dem
267 2564 487 2643 emancipat,
444 2566 470 2625 is
512 2583 575 2624 non
596 2573 701 2626 tamen
719 2575 750 2626 et
765 2566 826 2626 illis
842 2566 950 2666 quiin
966 2565 1115 2646 adoptiua
1137 2565 1254 2628 familia

170 2659 263 2728 sunt,
296 2649 453 2729 adoptiuis
476 2660 528 2711 aut
531 2670 581 2711 ern
603 2651 687 2712 hist
675 2660 742 2712 atnt
743 2671 798 2712 um
819 2653 875 2733 qui
897 2652 930 2711 in
952 2661 1005 2728 pot
1008 2661 1105 2714 estate
1128 2671 1254 2714 manse-

130 2737 148 2794 1
169 2744 256 2797 runt.
282 2736 494 2816 Emancipatis
509 2737 618 2798 liberis
635 2755 675 2796 ex
690 2736 791 2798 edicto
807 2737 901 2798 datur
915 2736 1069 2798 bonorum
1084 2739 1250 2817 possessio,

169 2823 197 2882 si
213 2823 315 2901 parati
331 2829 404 2882 sunt
419 2841 532 2883 cauere
545 2821 703 2902 fratribus
718 2825 800 2901 suis,
827 2824 882 2902 qui
898 2824 930 2883 in
953 2833 1107 2902 potestate
1128 2842 1253 2884 manse-

168 2917 256 2986 runt,
275 2906 357 2968 bona
373 2910 453 2986 quae
470 2909 623 2969 moriente
639 2917 728 2988 patre
744 2907 924 2970 habuerunt
940 2927 972 2968 33
989 2908 1164 2969 3311313333.
1270 2919 1303 2964 ss

131 2993 149 3051 5
257 2993 440 3054 Secundum
455 2993 578 3054 tabulas
600 2993 755 3056 bonorum
771 2995 925 3074 possessio
942 2993 1034 3070 datur
1054 2994 1179 3073 scriptis
1196 2994 1254 3054 he-

170 3077 320 3154 redibus,
345 3080 465 3140 scilicet
487 3081 660 3158 sicerum,
684 3079 802 3159 quibus
818 3089 924 3140 contra
945 3077 1069 3140 tabulas
1092 3081 1250 3160 competit,

132 3165 150 3223 6
170 3184 263 3226 nemo
285 3165 340 3243 sit,
365 3174 419 3226 aut
435 3174 545 3244 petere
561 3167 672 3226 nolint.
712 3166 814 3226 Etiam
829 3167 856 3225 si
873 3166 940 3226 iure
963 3165 1049 3226 ciuili
1071 3183 1134 3226 non
1150 3167 1254 3227 ualeat

169 3259 407 3328 testamentum,
432 3251 512 3312 forte
533 3251 618 3330 quod
634 3251 770 3312 familiae
786 3251 974 3330 mancipatio
995 3251 1048 3310 uel
1062 3252 1254 3331 nuncupatio

171 3335 285 3414 defuit,
304 3338 328 3397 si
346 3338 503 3416 signatum
519 3346 744 3398 testamentum
766 3338 885 3398 sitnon
901 3337 1006 3397 minus
1022 3355 1117 3416 quarn
1133 3345 1253 3416 septem
1273 3347 1304 3392 33
1338 3403 1339 3406 ¹

170 3423 299 3483 testium
316 3423 433 3483 ciuium
448 3423 658 3484 Romanorum
673 3423 788 3502 signis,
808 3421 960 3483 bonorum
975 3423 1130 3502 possessio
1147 3421 1251 3483 datur.

132 3506 150 3567 7
257 3509 399 3570 intestati
421 3507 516 3569 datur
537 3508 691 3569 bonorum
717 3509 871 3586 possessio
894 3527 951 3588 per
972 3518 1092 3588 septem
1115 3507 1250 3587 gradus:
1342 3537 1344 3541 ·

170 3595 275 3673 primo
287 3593 388 3673 gradu
396 3593 530 3654 iiberis:
550 3593 687 3656 seeundo
700 3595 850 3674 legitimis
862 3592 1051 3654 heredibus:
1072 3595 1164 3654 tertio
1180 3612 1255 3673 pro-

169 3681 264 3742 ximis
280 3681 434 3760 cognatis:
455 3691 566 3760 quarto
579 3679 715 3741 familiae
727 3681 870 3760 patroni:
889 3681 990 3760 3313113
1006 3688 1135 3759 patrono
1147 3688 1255 3759 patro·
1292 3691 1296 3700 ’

241 3919 395 3982 tiegemC
429 3919 439 3982 ΙΙ
476 3919 652 3984 8333133330
687 3919 698 3983 ΙΙ
736 3923 766 3967 13
786 3918 874 3980 itaut]
890 3918 971 3968 autc
1005 3917 1016 3980 ΙΙ
1052 3921 1079 3966 tt
1103 3915 1220 3982 stirpoC
1247 3914 1257 3982 ΙΙ

170 3989 377 4050 363333331333]
393 3988 569 4047 3313333330,
585 3988 617 4050 cs.
632 4002 659 4037 u.
675 3991 706 4036 33
721 3993 781 4049 etp
797 3992 840 4047 33,
856 3990 887 4036 38
913 3986 923 4049 ΙΙ
947 3989 1056 4037 autom.
1075 3986 1094 4037 0
1123 3987 1134 4050 d
1165 3987 1255 4036 3813-

168 4057 681 4120 31113330,1331133331333133133333
710 4055 721 4120 ΙΙ
752 4055 961 4120 3133133330
990 4055 1000 4117 ΙΙ
1031 4059 1062 4104 38
1082 4055 1219 4106 33113310
1246 4052 1256 4188 ss

170 4125 446 4188 33131313333313011
471 4125 680 4176 3331313133303
686 4125 699 4173 ‘t
723 4125 734 4188 11
764 4129 795 4174 33
810 4124 935 4175 3313310
959 4124 969 4188 ΙΙ
995 4128 1025 4173 33
1039 4123 1224 4174 3333333330

170 4193 520 4257 3133313031331333033.
538 4194 558 4246 0

1012 4277 1051 4326 3*
