3028 4830
294 385 352 450 le.
370 386 469 432 44-46
685 415 770 426 ...-
817 379 854 441 48
899 411 986 424 ...-

464 571 527 652 [xm
571 587 752 631 presumas
777 584 853 629 orno
875 585 910 626 ar
933 585 1086 629 sommum
1111 566 1209 644 444444

260 695 272 753 4
382 695 463 772 Lege
480 691 557 752 lulia
578 688 790 770 prohibentur
804 705 920 748 uxores
935 686 1051 748 ducere
1073 696 1233 747 senatores
1248 684 1380 764 quidem

296 779 453 859 liberique
481 796 590 838 eorum
616 773 781 835 libertinas
808 783 839 834 et
864 791 946 852 quae
971 775 1059 852 ipsae
1086 790 1263 852 quarumue
1289 781 1381 850 pater

297 873 439 927 materue
461 873 561 925 artem
576 860 729 923 ludicram
746 860 873 936 fecerit,
899 859 975 920 item
997 877 1127 938 corpore
1150 867 1319 939 quaestum
1335 856 1381 918 ia-

259 951 278 1013 2
296 953 445 1013 cientem.
469 949 579 1010 ¹Ceteri
595 957 699 1009 autem
715 945 845 1026 ingenui
867 943 1076 1024 prohibentur
1091 944 1207 1006 ducere
1229 943 1333 1004 lenam
1351 953 1380 1004 et
1401 957 1415 1000 5

297 1058 315 1098 a
337 1037 450 1098 lenone
472 1036 587 1097 lenoue
611 1033 834 1094 manumissam
859 1041 890 1091 et
913 1033 945 1091 in
970 1029 1123 1094 adulterio
1149 1029 1381 1109 deprehensam

298 1133 328 1184 ct
344 1121 460 1184 iudicio
476 1119 600 1202 publico
617 1119 793 1180 damnatam
816 1125 848 1178 et
864 1136 944 1196 quae
961 1127 1058 1178 artem
1073 1116 1227 1178 ludicram
1251 1115 1378 1176 lecerit:

297 1205 393 1270 adicit
408 1207 617 1270 Mauricianus
632 1216 663 1266 et
679 1225 697 1266 a
712 1213 824 1266 senatu
840 1201 1029 1264 damnatam.
1281 1203 1289 1216 ’

593 1378 652 1460 [xiv
695 1397 731 1438 nr
753 1369 848 1438 rosis
871 1395 953 1436 naurs
977 1375 1081 1454 rvpusl

383 1501 520 1560 Feminis
541 1502 593 1561 lex
614 1499 692 1560 Iulia
715 1507 848 1559 amorte
864 1497 926 1557 uiri
942 1498 1017 1557 anni
1037 1495 1149 1558 tribuit
1171 1497 1377 1570 uacationem,
1401 1510 1430 1553 to

298 1607 313 1646 a
330 1587 466 1648 diuortio
482 1605 538 1647 sex
549 1603 703 1661 mensum,
722 1584 774 1644 lex
789 1593 895 1644 autem
908 1583 1001 1663 Papia
1016 1601 1034 1643 a
1050 1591 1150 1645 morte
1166 1583 1229 1644 uiri
1245 1581 1379 1656 biennii,

297 1694 314 1734 a
332 1672 462 1753 repudio
478 1673 552 1733 anni
569 1681 600 1732 et
615 1691 671 1732 sex
686 1688 839 1730 mensum.

701 1841 747 1922 [xv
791 1860 826 1900 ns
851 1840 977 1919 nucrurs]

261 1964 273 2022 4
383 1966 438 2026 Vir
453 1973 485 2024 et
500 1982 580 2024 uxor
597 1963 681 2022 inter
696 1979 730 2020 se
747 1961 938 2020 matrimonii
954 1961 1081 2021 nomine
1098 1959 1254 2022 decimam
1269 1980 1383 2041 capere

297 2059 438 2132 possunt.
469 2047 554 2128 quod
570 2049 596 2108 si
613 2067 653 2108 ex
667 2047 728 2107 alio
744 2047 943 2132 matrimonio
955 2044 1071 2107 liberos
1083 2048 1272 2126 superstites
1284 2047 1382 2108 habe·
1401 2060 1430 2104 45

297 2146 369 2214 ant,
395 2144 521 2216 praeter
542 2133 714 2209 decimam,
742 2151 836 2210 quam
868 2133 1058 2192 matrimonii
1086 2135 1213 2194 nominc
1240 2135 1379 2213 capiunt,

259 2222 279 2283 2
296 2222 427 2283 totidem
442 2219 579 2281 decimas
594 2238 651 2298 pro
666 2237 797 2279 numero
813 2216 986 2279 liberorum
1003 2219 1174 2298 accipiunt.
1207 2221 1283 2280 ltem
1300 2239 1384 2280 com·
1430 2249 1433 2254 ·

252 2329 255 2337 ’
298 2307 402 2369 munis
429 2306 512 2366 iilius
538 2303 642 2365 filiaue
668 2313 738 2384 post
765 2305 928 2364 nominum
955 2303 1040 2365 diem
1067 2306 1202 2366 amissus
1227 2306 1382 2367 amissaue

298 2411 394 2454 unam
411 2391 564 2452 decimam
581 2389 692 2451 adicit:
721 2389 783 2450 duo
798 2398 905 2451 autem
921 2399 991 2469 post
1007 2393 1162 2450 nomicum
1179 2391 1261 2453 diem
1276 2393 1381 2453 amissi

260 2479 278 2538 3
298 2479 378 2540 duas
393 2477 532 2538 decimas
547 2476 701 2537 adiciunt.
727 2478 854 2536 Praeter
869 2475 1025 2537 decimam
1041 2477 1135 2537 etiam
1150 2476 1381 2538 usumfructum
1400 2491 1428 2534 so

298 2565 410 2624 tertiae
432 2564 531 2642 partis
546 2561 700 2622 bonorum
720 2560 810 2643 [eius]
838 2579 951 2640 capere
968 2572 1117 2642 possunt,
1137 2573 1168 2623 et
1190 2562 1381 2644 quandoque

260 2651 278 2709 4
298 2649 415 2710 liberos
431 2647 611 2725 habuerint,
631 2646 774 2708 eiusdem
789 2647 889 2728 partis
904 2649 1142 2728 proprietatem.
1169 2650 1231 2709 Hoc
1247 2651 1382 2729 amplius

298 2736 413 2797 mulier
426 2744 554 2815 praeter
569 2733 724 2794 decimam
740 2732 845 2794 dotem
861 2753 969 2814 capere
984 2744 1087 2814 potest
1103 2735 1235 2814 legatam
1253 2735 1326 2796 sibi.

395 2906 453 2988 [xm
497 2926 534 2966 nr
558 2921 656 2965 soum
680 2923 853 2965 creterram
875 2924 963 2966 mrsu
986 2926 1075 2968 vmvu
1097 2927 1133 2966 nr
1157 2906 1283 2987 vxousu]

262 3029 274 3086 l
383 3025 562 3106 Aliquando
584 3027 637 3086 uir
652 3035 683 3085 et
698 3043 777 3086 uxor
792 3026 876 3086 inter
897 3045 931 3088 se
947 3027 1081 3088 solidum
1097 3045 1210 3106 capere
1230 3037 1377 3106 possunt:
1399 3038 1426 3081 rs

298 3113 388 3174 uelut
414 3114 439 3174 si
468 3111 602 3191 uterque
627 3111 678 3172 uel
701 3112 853 3172 alteruter
879 3132 985 3174 eorum
1008 3111 1151 3176 nondum,
1176 3113 1245 3174 eius
1271 3116 1382 3174 aetatis

298 3199 378 3276 sint,
403 3219 424 3260 4
444 3217 505 3277 qua
529 3199 582 3258 lex
597 3196 714 3257 liberos
735 3197 847 3276 exigit,
875 3197 907 3259 id
927 3208 974 3259 est
989 3200 1016 3259 si
1036 3200 1089 3260 uir
1111 3200 1213 3259 minor
1228 3205 1381 3260 annorum

298 3285 380 3344 XXV
396 3285 438 3345 sit
457 3293 511 3345 aut
525 3302 606 3344 uxor
620 3301 774 3344 annorum
789 3285 842 3344 XX
867 3285 986 3344 minor:
1013 3287 1088 3346 item
1111 3287 1138 3345 si
1160 3285 1290 3364 utrique
1311 3286 1381 3365 lege

299 3371 393 3450 Papia
408 3369 512 3441 linitos
534 3371 682 3430 annos'in
698 3371 894 3430 matrimonio
911 3373 1123 3448 excesserint,
1148 3370 1243 3432 idest
1265 3372 1317 3432 uir
1333 3374 1381 3432 tx

299 3475 415 3534 annos,
439 3473 519 3516 uxor
541 3458 581 3516 L:
608 3457 683 3516 item
706 3455 733 3518 si
755 3457 876 3535 cognati
900 3457 983 3517 inter
1005 3476 1039 3517 se
1059 3458 1191 3518 coierint
1214 3475 1318 3536 usque
1342 3456 1381 3518 ad
1399 3467 1426 3512 ao

298 3553 423 3604 sextum
439 3540 590 3621 gradum:
616 3550 671 3602 aut
685 3542 712 3602 si
727 3542 779 3602 uir
794 3541 891 3619 absit,
912 3552 942 3603 et
959 3541 1059 3603 donec
1074 3542 1163 3604 abest
1177 3553 1208 3604 et
1224 3545 1309 3604 intra
1324 3563 1382 3604 an-

311 3693 361 3707 ’Μ

369 3784 378 3828 4
402 3780 460 3830 cele
476 3780 496 3830 C
528 3777 538 3846 44
573 3783 586 3828 4
607 3782 671 3830 item
684 3795 708 3830 c.
723 3797 750 3845 q.
765 3780 909 3831 facientem
927 3783 992 3831 delet
1007 3787 1031 3831 et
1049 3796 1162 3846 corpore
1175 3798 1201 3847 q.
1216 3782 1268 3834 iac.
1283 3787 1309 3834 et
1324 3790 1382 3846 port

299 3847 429 3899 tducere
441 3850 542 3910 supplet
554 3850 704 3911 4444444444,
724 3851 757 3913 cs.
773 3851 831 3912 Die.
847 3855 882 3903 ta
889 3889 894 3910 ,
910 3855 941 3908 2,
957 3855 999 3900 ta.
1015 3856 1047 3900 44
1057 3864 1100 3912 pr.
1136 3849 1147 3917 44
1182 3855 1197 3900 t
1216 3853 1321 3915 leuaue]
1344 3855 1382 3903 le-

299 3930 362 3967 nam
377 3915 397 3966 C
411 3913 422 3982 4
439 3918 604 3968 adulterium
617 3919 785 3982 deprehensa
801 3918 820 3968 C
841 3916 851 3985 44
875 3922 888 3966 t
903 3919 1046 3983 publicum
1059 3920 1186 3970 damnata
1203 3921 1222 3971 C
1238 3919 1248 3988 44
1265 3925 1322 3971 arte
1339 3921 1358 3972 C
1374 3919 1383 3985 44

299 3989 411 4035 84444.
429 3986 461 4036 C⁸
488 3988 498 4046 44
527 3987 672 4037 scnatusO
699 3985 710 4053 44
740 3992 767 4037 44
784 3989 928 4039 mensesc
955 3986 965 4054 44
995 3993 1025 4038 ts
1045 3987 1187 4039 mensesC
1213 3985 1223 4054 44
1254 3995 1284 4040 45
1305 3992 1383 4040 mati-

298 4056 391 4104 monio
408 4054 459 4105 044
493 4052 504 4120 44
539 4060 569 4104 49
589 4057 732 4107 nominum
744 4058 817 4107 diem
830 4058 968 4116 4444444444,
990 4071 1061 4108 nono
1075 4058 1155 4109 diec
1188 4056 1198 4125 44
1234 4062 1265 4107 23
1286 4073 1381 4124 capere

300 4123 534 4187 &nithagome
562 4120 571 4189 ΙΙ
601 4129 630 4172 44
646 4129 708 4174 sunt
724 4131 769 4176 aut
782 4124 869 4190 quaC
896 4122 906 4189 44
936 4127 1147 4189 aocogeruntc
1169 4124 1179 4191 ΙΙ
1202 4132 1229 4176 34
1248 4127 1327 4191 absit]
1344 4130 1381 4177 rei

299 4191 424 4256 publicae
439 4207 521 4243 causa
534 4191 605 4243 absit
619 4194 788 4258 Gotlofredus
816 4192 825 4257 ll
855 4194 932 4244 abest
945 4195 979 4257 cll
995 4196 1100 4246 abesset
1117 4197 1136 4246 C
