<?xml version="1.0" encoding="UTF-8"?>
<!DOCTYPE html PUBLIC "-//W3C//DTD XHTML 1.0 Transitional//EN"
    "http://www.w3.org/TR/xhtml1/DTD/xhtml1-transitional.dtd">
<html xmlns="http://www.w3.org/1999/xhtml" xml:lang="en" lang="en">
 <head>
  <title>
</title>
<meta http-equiv="Content-Type" content="text/html;charset=utf-8" />
  <meta name='ocr-system' content='tesseract 3.04.00' />
  <meta name='ocr-capabilities' content='ocr_page ocr_carea ocr_par ocr_line ocrx_word'/>
</head>
<body>
  <div class='ocr_page' id='page_1' title='image "./ulpianilibersin00kruegoog_0058.png"; bbox 0 0 3028 4830; ppageno 0'>
   <div class='ocr_carea' id='block_1_1' title="bbox 553 371 853 430">
    <p class='ocr_par' dir='ltr' id='par_1_1' title="bbox 553 371 853 430">
     <span class='ocr_line' id='line_1_1' title="bbox 553 371 853 430; baseline 0.003 -17"><span class='ocrx_word' id='word_1_1' title='bbox 553 371 853 430; x_wconf 60' lang='lat'><strong>-45-</strong></span> 
     </span>
    </p>
   </div>
   <div class='ocr_carea' id='block_1_2' title="bbox 156 531 1269 3298">
    <p class='ocr_par' dir='ltr' id='par_1_2' title="bbox 157 531 1245 980">
     <span class='ocr_line' id='line_1_2' title="bbox 158 531 1245 638; baseline 0.002 -22"><span class='ocrx_word' id='word_1_2' title='bbox 158 557 288 617; x_wconf 87' lang='lat' dir='ltr'><strong>sematis</strong></span> <span class='ocrx_word' id='word_1_3' title='bbox 303 557 636 636; x_wconf 84' lang='lat' dir='ltr'><strong>interpretamentisue</strong></span> <span class='ocrx_word' id='word_1_4' title='bbox 653 531 878 638; x_wconf 69' lang='lat' dir='ltr'><strong>pos&#39;terioribus</strong></span> <span class='ocrx_word' id='word_1_5' title='bbox 901 567 992 618; x_wconf 89' lang='lat' dir='ltr'><strong>enata</strong></span> <span class='ocrx_word' id='word_1_6' title='bbox 1013 566 1099 618; x_wconf 90' lang='lat' dir='ltr'><strong>sunt.</strong></span> <span class='ocrx_word' id='word_1_7' title='bbox 1131 576 1171 618; x_wconf 86' lang='lat' dir='ltr'><strong>ex</strong></span> <span class='ocrx_word' id='word_1_8' title='bbox 1192 577 1245 618; x_wconf 94' lang='lat' dir='ltr'><strong>co-</strong></span> 
     </span>
     <span class='ocr_line' id='line_1_3' title="bbox 158 641 1243 724; baseline 0.002 -22"><span class='ocrx_word' id='word_1_9' title='bbox 158 641 285 703; x_wconf 91' lang='lat' dir='ltr'><strong>dicibus</strong></span> <span class='ocrx_word' id='word_1_10' title='bbox 311 661 405 722; x_wconf 91' lang='lat' dir='ltr'><strong>supra</strong></span> <span class='ocrx_word' id='word_1_11' title='bbox 436 641 570 704; x_wconf 90' lang='lat' dir='ltr'><strong>laudatis</strong></span> <span class='ocrx_word' id='word_1_12' title='bbox 600 644 666 724; x_wconf 91' lang='lat' dir='ltr'><strong>ipse</strong></span> <span class='ocrx_word' id='word_1_13' title='bbox 693 643 809 704; x_wconf 90' lang='lat' dir='ltr'><strong>contuli</strong></span> <span class='ocrx_word' id='word_1_14' title='bbox 832 645 856 704; x_wconf 87' lang='lat' dir='ltr'><em>L</em></span> <span class='ocrx_word' id='word_1_15' title='bbox 877 646 905 704; x_wconf 87' lang='lat' dir='ltr'><em>E</em></span> <span class='ocrx_word' id='word_1_16' title='bbox 924 645 1134 704; x_wconf 89' lang='lat' dir='ltr'><strong>Parisiensem</strong></span> <span class='ocrx_word' id='word_1_17' title='bbox 1161 645 1243 704; x_wconf 76' lang='grc'>0000</span> 
     </span>
     <span class='ocr_line' id='line_1_4' title="bbox 157 728 1245 808; baseline 0.001 -20"><span class='ocrx_word' id='word_1_18' title='bbox 157 729 258 788; x_wconf 85' lang='lat' dir='ltr'><strong>Vatia.</strong></span> <span class='ocrx_word' id='word_1_19' title='bbox 279 747 344 808; x_wconf 87' lang='lat' dir='ltr'><strong>reg.</strong></span> <span class='ocrx_word' id='word_1_20' title='bbox 366 728 465 789; x_wconf 83' lang='lat' dir='ltr'><strong>l050:</strong></span> <span class='ocrx_word' id='word_1_21' title='bbox 482 730 650 790; x_wconf 89' lang='lat' dir='ltr'><strong>Beruensis</strong></span> <span class='ocrx_word' id='word_1_22' title='bbox 672 729 866 790; x_wconf 91' lang='lat' dir='ltr'><strong>collationem</strong></span> <span class='ocrx_word' id='word_1_23' title='bbox 883 728 1063 790; x_wconf 74' lang='lat' dir='ltr'><strong>liberalitati</strong></span> <span class='ocrx_word' id='word_1_24' title='bbox 1075 730 1245 790; x_wconf 89' lang='lat' dir='ltr'><strong>Hermanni</strong></span> 
     </span>
     <span class='ocr_line' id='line_1_5' title="bbox 158 813 1243 895; baseline 0.002 -21"><span class='ocrx_word' id='word_1_25' title='bbox 158 815 267 894; x_wconf 81' lang='lat' dir='ltr'>Hagen</span> <span class='ocrx_word' id='word_1_26' title='bbox 294 813 410 892; x_wconf 90' lang='lat' dir='ltr'><strong>debeo,</strong></span> <span class='ocrx_word' id='word_1_27' title='bbox 448 815 640 894; x_wconf 92' lang='lat' dir='ltr'><strong>reliquorum</strong></span> <span class='ocrx_word' id='word_1_28' title='bbox 667 817 818 876; x_wconf 92' lang='lat' dir='ltr'><strong>lectiones</strong></span> <span class='ocrx_word' id='word_1_29' title='bbox 849 833 889 876; x_wconf 84' lang='lat' dir='ltr'><strong>ex</strong></span> <span class='ocrx_word' id='word_1_30' title='bbox 923 815 1064 877; x_wconf 91' lang='lat' dir='ltr'><strong>Haenelii</strong></span> <span class='ocrx_word' id='word_1_31' title='bbox 1091 825 1243 895; x_wconf 80' lang='lat' dir='ltr'><strong>apparatu</strong></span> 
     </span>
     <span class='ocr_line' id='line_1_6' title="bbox 159 900 310 980; baseline 0.007 -21"><span class='ocrx_word' id='word_1_32' title='bbox 159 900 310 980; x_wconf 89' lang='lat' dir='ltr'><strong>repetiui.</strong></span> 
     </span>
    </p>

    <p class='ocr_par' dir='ltr' id='par_1_3' title="bbox 157 984 1269 1648">
     <span class='ocr_line' id='line_1_7' title="bbox 246 984 1269 1066; baseline 0 -20"><span class='ocrx_word' id='word_1_33' title='bbox 246 984 296 1046; x_wconf 90' lang='lat' dir='ltr'><strong>Ad</strong></span> <span class='ocrx_word' id='word_1_34' title='bbox 317 1004 370 1046; x_wconf 90' lang='lat' dir='ltr'><strong>eas</strong></span> <span class='ocrx_word' id='word_1_35' title='bbox 391 984 531 1064; x_wconf 90' lang='lat' dir='ltr'><strong>denique</strong></span> <span class='ocrx_word' id='word_1_36' title='bbox 547 986 737 1065; x_wconf 90' lang='lat' dir='ltr'><strong>sententias,</strong></span> <span class='ocrx_word' id='word_1_37' title='bbox 763 1005 841 1066; x_wconf 91' lang='lat' dir='ltr'><strong>quas</strong></span> <span class='ocrx_word' id='word_1_38' title='bbox 857 987 940 1047; x_wconf 89' lang='lat' dir='ltr'><strong>solae</strong></span> <span class='ocrx_word' id='word_1_39' title='bbox 954 984 1156 1066; x_wconf 80' lang='lat' dir='ltr'><strong>Appendices</strong></span> <span class='ocrx_word' id='word_1_40' title='bbox 1171 988 1269 1066; x_wconf 61' lang='lat' dir='ltr'><strong>Legi*</strong></span> 
     </span>
     <span class='ocr_line' id='line_1_8' title="bbox 157 1071 1244 1150; baseline 0.002 -19"><span class='ocrx_word' id='word_1_41' title='bbox 157 1073 316 1132; x_wconf 83' lang='lat' dir='ltr'><strong>Romanae</strong></span> <span class='ocrx_word' id='word_1_42' title='bbox 338 1072 583 1150; x_wconf 80' lang='lat' dir='ltr'><strong>Wisigotharum</strong></span> <span class='ocrx_word' id='word_1_43' title='bbox 606 1073 638 1132; x_wconf 93' lang='lat' dir='ltr'><strong>in</strong></span> <span class='ocrx_word' id='word_1_44' title='bbox 668 1073 828 1134; x_wconf 92' lang='lat' dir='ltr'><strong>nonnullis</strong></span> <span class='ocrx_word' id='word_1_45' title='bbox 856 1071 1017 1134; x_wconf 85' lang='lat' dir='ltr'><strong>codicibus</strong></span> <span class='ocrx_word' id='word_1_46' title='bbox 1040 1071 1182 1134; x_wconf 84' lang='lat' dir='ltr'><strong>adnexae</strong></span> <span class='ocrx_word' id='word_1_47' title='bbox 1204 1092 1244 1133; x_wconf 79' lang='lat' dir='ltr'><strong>ex</strong></span> 
     </span>
     <span class='ocr_line' id='line_1_9' title="bbox 159 1157 1242 1238; baseline 0.001 -21"><span class='ocrx_word' id='word_1_48' title='bbox 159 1159 285 1237; x_wconf 86' lang='lat' dir='ltr'><strong>integro</strong></span> <span class='ocrx_word' id='word_1_49' title='bbox 297 1176 393 1237; x_wconf 92' lang='lat' dir='ltr'><strong>opere</strong></span> <span class='ocrx_word' id='word_1_50' title='bbox 410 1167 571 1237; x_wconf 84' lang='lat' dir='ltr'><strong>excerptas</strong></span> <span class='ocrx_word' id='word_1_51' title='bbox 583 1157 711 1230; x_wconf 63' lang='lat' dir='ltr'><strong>habent.v</strong></span> <span class='ocrx_word' id='word_1_52' title='bbox 731 1177 802 1219; x_wconf 92' lang='lat' dir='ltr'><strong>cum</strong></span> <span class='ocrx_word' id='word_1_53' title='bbox 819 1159 874 1219; x_wconf 93' lang='lat' dir='ltr'><strong>has</strong></span> <span class='ocrx_word' id='word_1_54' title='bbox 885 1157 1087 1238; x_wconf 82' lang='lat' dir='ltr'><strong>Appendices</strong></span> <span class='ocrx_word' id='word_1_55' title='bbox 1103 1177 1242 1219; x_wconf 91' lang='lat' dir='ltr'><strong>seorsum</strong></span> 
     </span>
     <span class='ocr_line' id='line_1_10' title="bbox 160 1242 1243 1323; baseline 0 -19"><span class='ocrx_word' id='word_1_56' title='bbox 160 1242 307 1304; x_wconf 88' lang='lat' dir='ltr'><strong>editurus</strong></span> <span class='ocrx_word' id='word_1_57' title='bbox 323 1245 397 1322; x_wconf 90' lang='lat' dir='ltr'><strong>sim,</strong></span> <span class='ocrx_word' id='word_1_58' title='bbox 417 1242 574 1304; x_wconf 90' lang='lat' dir='ltr'><strong>delectum</strong></span> <span class='ocrx_word' id='word_1_59' title='bbox 590 1245 749 1305; x_wconf 90' lang='lat' dir='ltr'><strong>uariarum</strong></span> <span class='ocrx_word' id='word_1_60' title='bbox 765 1244 932 1306; x_wconf 90' lang='lat' dir='ltr'><strong>lectionum</strong></span> <span class='ocrx_word' id='word_1_61' title='bbox 949 1243 1040 1305; x_wconf 94' lang='lat' dir='ltr'><strong>dedi:</strong></span> <span class='ocrx_word' id='word_1_62' title='bbox 1068 1243 1243 1323; x_wconf 90' lang='lat' dir='ltr'><strong>eodemque</strong></span> 
     </span>
     <span class='ocr_line' id='line_1_11' title="bbox 159 1328 1243 1411; baseline 0.002 -23"><span class='ocrx_word' id='word_1_63' title='bbox 159 1328 253 1390; x_wconf 93' lang='lat' dir='ltr'><strong>modo</strong></span> <span class='ocrx_word' id='word_1_64' title='bbox 277 1330 416 1408; x_wconf 90' lang='lat' dir='ltr'><strong>reliquos</strong></span> <span class='ocrx_word' id='word_1_65' title='bbox 439 1331 666 1390; x_wconf 90' lang='lat' dir='ltr'><strong>sententiarum</strong></span> <span class='ocrx_word' id='word_1_66' title='bbox 689 1339 833 1390; x_wconf 90' lang='lat' dir='ltr'><strong>auctores</strong></span> <span class='ocrx_word' id='word_1_67' title='bbox 854 1329 996 1391; x_wconf 90' lang='lat' dir='ltr'><strong>adhibui.</strong></span> <span class='ocrx_word' id='word_1_68' title='bbox 1036 1331 1146 1411; x_wconf 92' lang='lat' dir='ltr'><strong>paucis</strong></span> <span class='ocrx_word' id='word_1_69' title='bbox 1168 1329 1243 1392; x_wconf 92' lang='lat' dir='ltr'><strong>locis</strong></span> 
     </span>
     <span class='ocr_line' id='line_1_12' title="bbox 157 1414 1243 1477; baseline -0.001 -2"><span class='ocrx_word' id='word_1_70' title='bbox 157 1414 200 1475; x_wconf 90' lang='lat' dir='ltr'><strong>ad</strong></span> <span class='ocrx_word' id='word_1_71' title='bbox 216 1433 325 1475; x_wconf 90' lang='lat' dir='ltr'><strong>ueram</strong></span> <span class='ocrx_word' id='word_1_72' title='bbox 348 1416 513 1476; x_wconf 88' lang='lat' dir='ltr'><strong>lectionem</strong></span> <span class='ocrx_word' id='word_1_73' title='bbox 533 1415 763 1477; x_wconf 86' lang='lat' dir='ltr'><strong>restituendam</strong></span> <span class='ocrx_word' id='word_1_74' title='bbox 784 1425 926 1476; x_wconf 90' lang='lat' dir='ltr'><strong>ueterem</strong></span> <span class='ocrx_word' id='word_1_75' title='bbox 942 1417 1171 1477; x_wconf 91' lang='lat' dir='ltr'><strong>sententiarum</strong></span> <span class='ocrx_word' id='word_1_76' title='bbox 1192 1417 1243 1475; x_wconf 94' lang='lat' dir='ltr'><strong>in-</strong></span> 
     </span>
     <span class='ocr_line' id='line_1_13' title="bbox 159 1501 1242 1584; baseline 0.001 -23"><span class='ocrx_word' id='word_1_77' title='bbox 159 1502 436 1580; x_wconf 88' lang='lat' dir='ltr'><strong>terpretationem,</strong></span> <span class='ocrx_word' id='word_1_78' title='bbox 456 1520 538 1580; x_wconf 91' lang='lat' dir='ltr'><strong>quae</strong></span> <span class='ocrx_word' id='word_1_79' title='bbox 554 1503 645 1581; x_wconf 89' lang='lat' dir='ltr'><strong>Legis</strong></span> <span class='ocrx_word' id='word_1_80' title='bbox 660 1503 817 1584; x_wconf 84' lang='lat' dir='ltr'><strong>Romanae</strong></span> <span class='ocrx_word' id='word_1_81' title='bbox 833 1502 943 1582; x_wconf 88' lang='lat' dir='ltr'><strong>Wisig.</strong></span> <span class='ocrx_word' id='word_1_82' title='bbox 962 1511 1083 1580; x_wconf 90' lang='lat' dir='ltr'><strong>partem</strong></span> <span class='ocrx_word' id='word_1_83' title='bbox 1100 1501 1189 1579; x_wconf 82' lang='lat' dir='ltr'><strong>lacit,</strong></span> <span class='ocrx_word' id='word_1_84' title='bbox 1209 1503 1242 1562; x_wconf 90' lang='lat' dir='ltr'><strong>in</strong></span> 
     </span>
     <span class='ocr_line' id='line_1_14' title="bbox 158 1586 478 1648; baseline 0 -2"><span class='ocrx_word' id='word_1_85' title='bbox 158 1586 339 1648; x_wconf 90' lang='lat' dir='ltr'><strong>subsidium</strong></span> <span class='ocrx_word' id='word_1_86' title='bbox 355 1587 478 1648; x_wconf 89' lang='lat' dir='ltr'><strong>uocaui.</strong></span> 
     </span>
    </p>

    <p class='ocr_par' dir='ltr' id='par_1_4' title="bbox 157 1671 1243 2096">
     <span class='ocr_line' id='line_1_15' title="bbox 246 1671 1242 1753; baseline 0.002 -21"><span class='ocrx_word' id='word_1_87' title='bbox 246 1671 350 1752; x_wconf 82' lang='lat' dir='ltr'><strong>Atque</strong></span> <span class='ocrx_word' id='word_1_88' title='bbox 372 1681 408 1733; x_wconf 90' lang='lat' dir='ltr'><strong>ut</strong></span> <span class='ocrx_word' id='word_1_89' title='bbox 423 1683 588 1752; x_wconf 88' lang='lat' dir='ltr'><strong>appareat,</strong></span> <span class='ocrx_word' id='word_1_90' title='bbox 612 1671 698 1734; x_wconf 91' lang='lat' dir='ltr'><strong>unde</strong></span> <span class='ocrx_word' id='word_1_91' title='bbox 715 1673 857 1753; x_wconf 79' lang='lat' dir='ltr'><strong>singulae</strong></span> <span class='ocrx_word' id='word_1_92' title='bbox 879 1674 1055 1734; x_wconf 88' lang='lat' dir='ltr'><strong>sententiae</strong></span> <span class='ocrx_word' id='word_1_93' title='bbox 1078 1674 1242 1734; x_wconf 89' lang='lat' dir='ltr'><strong>restitutae</strong></span> 
     </span>
     <span class='ocr_line' id='line_1_16' title="bbox 157 1758 1239 1838; baseline 0.001 -20"><span class='ocrx_word' id='word_1_94' title='bbox 157 1759 242 1835; x_wconf 84' lang='lat' dir='ltr'><strong>sint,</strong></span> <span class='ocrx_word' id='word_1_95' title='bbox 267 1760 299 1818; x_wconf 94' lang='lat' dir='ltr'><strong>in</strong></span> <span class='ocrx_word' id='word_1_96' title='bbox 315 1758 513 1819; x_wconf 92' lang='lat' dir='ltr'><strong>adnotatione</strong></span> <span class='ocrx_word' id='word_1_97' title='bbox 529 1761 710 1838; x_wconf 86' lang='lat' dir='ltr'><strong>superiore,</strong></span> <span class='ocrx_word' id='word_1_98' title='bbox 735 1761 761 1820; x_wconf 94' lang='lat' dir='ltr'><strong>si</strong></span> <span class='ocrx_word' id='word_1_99' title='bbox 784 1759 839 1838; x_wconf 93' lang='lat' dir='ltr'><strong>qui</strong></span> <span class='ocrx_word' id='word_1_100' title='bbox 865 1768 993 1838; x_wconf 85' lang='lat' dir='ltr'><strong>praeter</strong></span> <span class='ocrx_word' id='word_1_101' title='bbox 1018 1761 1130 1838; x_wconf 81' lang='lat' dir='ltr'><strong>Legem</strong></span> <span class='ocrx_word' id='word_1_102' title='bbox 1152 1761 1239 1819; x_wconf 93' lang='lat' dir='ltr'><strong>Rom.</strong></span> 
     </span>
     <span class='ocr_line' id='line_1_17' title="bbox 157 1843 1243 1924; baseline 0.001 -20"><span class='ocrx_word' id='word_1_103' title='bbox 157 1845 271 1924; x_wconf 91' lang='lat' dir='ltr'><strong>Wisig.</strong></span> <span class='ocrx_word' id='word_1_104' title='bbox 287 1845 515 1906; x_wconf 91' lang='lat' dir='ltr'><strong>sententiarum</strong></span> <span class='ocrx_word' id='word_1_105' title='bbox 528 1854 669 1905; x_wconf 87' lang='lat' dir='ltr'><strong>auctores</strong></span> <span class='ocrx_word' id='word_1_106' title='bbox 681 1854 799 1921; x_wconf 88' lang='lat' dir='ltr'><strong>extant,</strong></span> <span class='ocrx_word' id='word_1_107' title='bbox 816 1863 868 1905; x_wconf 88' lang='lat' dir='ltr'><strong>eos</strong></span> <span class='ocrx_word' id='word_1_108' title='bbox 880 1843 1024 1922; x_wconf 84' lang='lat' dir='ltr'><strong>laudabo,</strong></span> <span class='ocrx_word' id='word_1_109' title='bbox 1044 1847 1077 1905; x_wconf 94' lang='lat' dir='ltr'><strong>in</strong></span> <span class='ocrx_word' id='word_1_110' title='bbox 1093 1854 1243 1906; x_wconf 86' lang='lat' dir='ltr'><strong>contextu</strong></span> 
     </span>
     <span class='ocr_line' id='line_1_18' title="bbox 157 1929 1240 2012; baseline 0.001 -22"><span class='ocrx_word' id='word_1_111' title='bbox 157 1941 266 1991; x_wconf 87' lang='lat' dir='ltr'><strong>autem</strong></span> <span class='ocrx_word' id='word_1_112' title='bbox 289 1931 374 1991; x_wconf 90' lang='lat' dir='ltr'><strong>Pauli</strong></span> <span class='ocrx_word' id='word_1_113' title='bbox 402 1929 569 1992; x_wconf 90' lang='lat' dir='ltr'><strong>uerborum</strong></span> <span class='ocrx_word' id='word_1_114' title='bbox 598 1933 719 2009; x_wconf 88' lang='lat' dir='ltr'><strong>omnia,</strong></span> <span class='ocrx_word' id='word_1_115' title='bbox 749 1949 830 2011; x_wconf 89' lang='lat' dir='ltr'><strong>quae</strong></span> <span class='ocrx_word' id='word_1_116' title='bbox 858 1932 890 1990; x_wconf 93' lang='lat' dir='ltr'><strong>in</strong></span> <span class='ocrx_word' id='word_1_117' title='bbox 913 1933 993 2010; x_wconf 88' lang='lat' dir='ltr'><strong>Lege</strong></span> <span class='ocrx_word' id='word_1_118' title='bbox 1015 1932 1102 1991; x_wconf 88' lang='lat' dir='ltr'><strong>Rom.</strong></span> <span class='ocrx_word' id='word_1_119' title='bbox 1128 1931 1240 2012; x_wconf 89' lang='lat' dir='ltr'><strong>Wisig.</strong></span> 
     </span>
     <span class='ocr_line' id='line_1_19' title="bbox 157 2017 811 2096; baseline 0 -20"><span class='ocrx_word' id='word_1_120' title='bbox 157 2017 275 2077; x_wconf 91' lang='lat' dir='ltr'><strong>omissa</strong></span> <span class='ocrx_word' id='word_1_121' title='bbox 291 2025 374 2091; x_wconf 80' lang='lat' dir='ltr'><strong>sunt,</strong></span> <span class='ocrx_word' id='word_1_122' title='bbox 394 2017 526 2077; x_wconf 89' lang='lat' dir='ltr'><strong>stellulis</strong></span> <span class='ocrx_word' id='word_1_123' title='bbox 542 2018 811 2096; x_wconf 90' lang='lat' dir='ltr'><strong>circumsaepiam.</strong></span> 
     </span>
    </p>

    <p class='ocr_par' dir='ltr' id='par_1_5' title="bbox 156 2101 1244 3298">
     <span class='ocr_line' id='line_1_20' title="bbox 246 2101 1244 2183; baseline 0.002 -22"><span class='ocrx_word' id='word_1_124' title='bbox 246 2103 352 2163; x_wconf 82' lang='lat' dir='ltr'><strong>Restat</strong></span> <span class='ocrx_word' id='word_1_125' title='bbox 367 2111 402 2162; x_wconf 90' lang='lat' dir='ltr'><strong>ut</strong></span> <span class='ocrx_word' id='word_1_126' title='bbox 419 2101 458 2163; x_wconf 95' lang='lat' dir='ltr'><strong>de</strong></span> <span class='ocrx_word' id='word_1_127' title='bbox 475 2103 564 2162; x_wconf 92' lang='lat' dir='ltr'><strong>titulo</strong></span> <span class='ocrx_word' id='word_1_128' title='bbox 580 2103 684 2181; x_wconf 91' lang='lat' dir='ltr'><strong>operis</strong></span> <span class='ocrx_word' id='word_1_129' title='bbox 701 2121 800 2183; x_wconf 91' lang='lat' dir='ltr'><strong>pauca</strong></span> <span class='ocrx_word' id='word_1_130' title='bbox 814 2120 1085 2182; x_wconf 89' lang='lat' dir='ltr'><strong>praemoneamus.</strong></span> <span class='ocrx_word' id='word_1_131' title='bbox 1104 2104 1137 2163; x_wconf 95' lang='lat' dir='ltr'><strong>in</strong></span> <span class='ocrx_word' id='word_1_132' title='bbox 1149 2103 1244 2182; x_wconf 91' lang='lat' dir='ltr'><strong>Dige-</strong></span> 
     </span>
     <span class='ocr_line' id='line_1_21' title="bbox 156 2187 1244 2268; baseline 0.001 -21"><span class='ocrx_word' id='word_1_133' title='bbox 156 2189 217 2248; x_wconf 90' lang='lat' dir='ltr'><strong>stis</strong></span> <span class='ocrx_word' id='word_1_134' title='bbox 234 2187 402 2248; x_wconf 87' lang='lat' dir='ltr'><strong>Collatione</strong></span> <span class='ocrx_word' id='word_1_135' title='bbox 418 2187 656 2267; x_wconf 89' lang='lat' dir='ltr'><strong>Appendicibus</strong></span> <span class='ocrx_word' id='word_1_136' title='bbox 671 2191 751 2268; x_wconf 91' lang='lat' dir='ltr'><strong>Lege</strong></span> <span class='ocrx_word' id='word_1_137' title='bbox 766 2189 902 2249; x_wconf 90' lang='lat' dir='ltr'><strong>Romana</strong></span> <span class='ocrx_word' id='word_1_138' title='bbox 918 2187 1177 2268; x_wconf 88' lang='lat' dir='ltr'><strong>Burgundionum</strong></span> <span class='ocrx_word' id='word_1_139' title='bbox 1194 2189 1244 2249; x_wconf 89' lang='lat' dir='ltr'><strong>ci-</strong></span> 
     </span>
     <span class='ocr_line' id='line_1_22' title="bbox 158 2274 1243 2354; baseline 0 -20"><span class='ocrx_word' id='word_1_140' title='bbox 158 2283 269 2334; x_wconf 83' lang='lat' dir='ltr'><strong>tantur</strong></span> <span class='ocrx_word' id='word_1_141' title='bbox 291 2274 379 2334; x_wconf 82' lang='lat' dir='ltr'><strong>Pau-li</strong></span> <span class='ocrx_word' id='word_1_142' title='bbox 399 2275 616 2334; x_wconf 78' lang='lat' dir='ltr'><strong>sententiarum</strong></span> <span class='ocrx_word' id='word_1_143' title='bbox 640 2274 690 2334; x_wconf 79' lang='lat' dir='ltr'><strong>lib.</strong></span> <span class='ocrx_word' id='word_1_144' title='bbox 715 2277 735 2334; x_wconf 92' lang='grc' dir='ltr'><em>Ι</em></span> <span class='ocrx_word' id='word_1_145' title='bbox 746 2284 826 2350; x_wconf 80' lang='lat' dir='ltr'><strong>etc,</strong></span> <span class='ocrx_word' id='word_1_146' title='bbox 857 2293 992 2354; x_wconf 90' lang='lat' dir='ltr'><strong>quocum</strong></span> <span class='ocrx_word' id='word_1_147' title='bbox 1017 2274 1243 2335; x_wconf 75' lang='lat' dir='ltr'><strong>consultationi</strong></span> 
     </span>
     <span class='ocr_line' id='line_1_23' title="bbox 156 2358 1242 2441; baseline 0.002 -22"><span class='ocrx_word' id='word_1_148' title='bbox 156 2378 287 2439; x_wconf 87' lang='lat' dir='ltr'><strong>quoquc</strong></span> <span class='ocrx_word' id='word_1_149' title='bbox 306 2361 470 2437; x_wconf 80' lang='lat' dir='ltr'><strong>conuenit,</strong></span> <span class='ocrx_word' id='word_1_150' title='bbox 495 2361 556 2420; x_wconf 93' lang='lat' dir='ltr'><strong>nisi</strong></span> <span class='ocrx_word' id='word_1_151' title='bbox 580 2359 665 2438; x_wconf 93' lang='lat' dir='ltr'><strong>quod</strong></span> <span class='ocrx_word' id='word_1_152' title='bbox 681 2361 758 2420; x_wconf 90' lang='lat' dir='ltr'><strong>haec</strong></span> <span class='ocrx_word' id='word_1_153' title='bbox 781 2362 880 2421; x_wconf 92' lang='lat' dir='ltr'><strong>semel</strong></span> <span class='ocrx_word' id='word_1_154' title='bbox 908 2358 947 2440; x_wconf 88' lang='grc'><strong>(6,</strong></span> <span class='ocrx_word' id='word_1_155' title='bbox 969 2359 998 2441; x_wconf 73' lang='grc'><strong>0)</strong></span> <span class='ocrx_word' id='word_1_156' title='bbox 1025 2362 1242 2422; x_wconf 78' lang='lat' dir='ltr'><strong>sententiarum</strong></span> 
     </span>
     <span class='ocr_line' id='line_1_24' title="bbox 157 2445 1238 2526; baseline 0.001 -20"><span class='ocrx_word' id='word_1_157' title='bbox 157 2454 350 2526; x_wconf 77' lang='lat' dir='ltr'><strong>receptorum</strong></span> <span class='ocrx_word' id='word_1_158' title='bbox 378 2445 502 2507; x_wconf 87' lang='lat' dir='ltr'><strong>titulum</strong></span> <span class='ocrx_word' id='word_1_159' title='bbox 532 2445 650 2506; x_wconf 83' lang='lat' dir='ltr'><strong>laudat.</strong></span> <span class='ocrx_word' id='word_1_160' title='bbox 688 2447 719 2505; x_wconf 89' lang='lat' dir='ltr'><strong>iu</strong></span> <span class='ocrx_word' id='word_1_161' title='bbox 746 2447 907 2526; x_wconf 89' lang='lat' dir='ltr'><strong>plerisque</strong></span> <span class='ocrx_word' id='word_1_162' title='bbox 934 2448 1023 2525; x_wconf 86' lang='lat' dir='ltr'><strong>Legis</strong></span> <span class='ocrx_word' id='word_1_163' title='bbox 1045 2448 1132 2508; x_wconf 92' lang='lat' dir='ltr'><strong>Rom.</strong></span> <span class='ocrx_word' id='word_1_164' title='bbox 1158 2448 1238 2509; x_wconf 91' lang='lat' dir='ltr'><strong>Wis.</strong></span> 
     </span>
     <span class='ocr_line' id='line_1_25' title="bbox 158 2530 1240 2610; baseline 0 -18"><span class='ocrx_word' id='word_1_165' title='bbox 158 2530 324 2594; x_wconf 91' lang='lat' dir='ltr'><strong>codicibus</strong></span> <span class='ocrx_word' id='word_1_166' title='bbox 347 2530 425 2591; x_wconf 88' lang='lat' dir='ltr'><strong>libro</strong></span> <span class='ocrx_word' id='word_1_167' title='bbox 442 2532 453 2590; x_wconf 99' lang='lat' dir='ltr'><strong>l</strong></span> <span class='ocrx_word' id='word_1_168' title='bbox 469 2532 683 2610; x_wconf 85' lang='lat' dir='ltr'><strong>praemittitur</strong></span> <span class='ocrx_word' id='word_1_169' title='bbox 699 2533 750 2592; x_wconf 90' lang='lat' dir='ltr'><strong>hic</strong></span> <span class='ocrx_word' id='word_1_170' title='bbox 769 2533 880 2593; x_wconf 88' lang='lat' dir='ltr'><strong>titulus</strong></span> <span class='ocrx_word' id='word_1_171' title='bbox 898 2533 986 2593; x_wconf 73' lang='lat' dir='ltr'><strong>Pauli</strong></span> <span class='ocrx_word' id='word_1_172' title='bbox 1003 2533 1240 2594; x_wconf 76' lang='lat' dir='ltr'><strong>sententiarum:</strong></span> 
     </span>
     <span class='ocr_line' id='line_1_26' title="bbox 158 2616 1242 2698; baseline 0 -20"><span class='ocrx_word' id='word_1_173' title='bbox 158 2628 190 2678; x_wconf 93' lang='lat' dir='ltr'><strong>at</strong></span> <span class='ocrx_word' id='word_1_174' title='bbox 207 2619 239 2676; x_wconf 93' lang='lat' dir='ltr'><strong>in</strong></span> <span class='ocrx_word' id='word_1_175' title='bbox 256 2616 362 2678; x_wconf 88' lang='lat' dir='ltr'><strong>codice</strong></span> <span class='ocrx_word' id='word_1_176' title='bbox 378 2619 448 2677; x_wconf 87' lang='lat' dir='ltr'><strong>Eat</strong></span> <span class='ocrx_word' id='word_1_177' title='bbox 464 2619 496 2676; x_wconf 92' lang='lat' dir='ltr'><strong>in</strong></span> <span class='ocrx_word' id='word_1_178' title='bbox 511 2616 699 2678; x_wconf 90' lang='lat' dir='ltr'><strong>Rosambino</strong></span> <span class='ocrx_word' id='word_1_179' title='bbox 714 2618 830 2697; x_wconf 89' lang='lat' dir='ltr'><strong>legitur</strong></span> <span class='ocrx_word' id='word_1_180' title='bbox 852 2618 910 2679; x_wconf 81' lang='lat' dir='ltr'><strong>iuli</strong></span> <span class='ocrx_word' id='word_1_181' title='bbox 920 2618 1011 2698; x_wconf 83' lang='lat' dir='ltr'><strong>pauli</strong></span> <span class='ocrx_word' id='word_1_182' title='bbox 1024 2620 1242 2679; x_wconf 81' lang='lat' dir='ltr'><strong>sententiarum</strong></span> 
     </span>
     <span class='ocr_line' id='line_1_27' title="bbox 158 2703 1242 2783; baseline 0 -19"><span class='ocrx_word' id='word_1_183' title='bbox 158 2703 201 2764; x_wconf 89' lang='lat' dir='ltr'><strong>ad</strong></span> <span class='ocrx_word' id='word_1_184' title='bbox 219 2703 332 2782; x_wconf 82' lang='lat' dir='ltr'><strong>filiam,</strong></span> <span class='ocrx_word' id='word_1_185' title='bbox 353 2721 488 2782; x_wconf 89' lang='lat' dir='ltr'><strong>quocum</strong></span> <span class='ocrx_word' id='word_1_186' title='bbox 511 2705 712 2765; x_wconf 89' lang='lat' dir='ltr'><strong>consentiunt</strong></span> <span class='ocrx_word' id='word_1_187' title='bbox 732 2705 896 2783; x_wconf 87' lang='lat' dir='ltr'><strong>inscriptio</strong></span> <span class='ocrx_word' id='word_1_188' title='bbox 919 2703 993 2764; x_wconf 94' lang='lat' dir='ltr'><strong>libri</strong></span> <span class='ocrx_word' id='word_1_189' title='bbox 1009 2705 1048 2763; x_wconf 98' lang='lat' dir='ltr'><strong>lll</strong></span> <span class='ocrx_word' id='word_1_190' title='bbox 1072 2705 1103 2764; x_wconf 91' lang='lat' dir='ltr'><strong>in</strong></span> <span class='ocrx_word' id='word_1_191' title='bbox 1120 2707 1144 2764; x_wconf 92' lang='lat' dir='ltr'><strong>L</strong></span> <span class='ocrx_word' id='word_1_192' title='bbox 1164 2705 1242 2764; x_wconf 92' lang='lat' dir='ltr'><strong>alio-</strong></span> 
     </span>
     <span class='ocr_line' id='line_1_28' title="bbox 158 2787 1242 2870; baseline 0 -20"><span class='ocrx_word' id='word_1_193' title='bbox 158 2808 294 2869; x_wconf 92' lang='lat' dir='ltr'><strong>rumque</strong></span> <span class='ocrx_word' id='word_1_194' title='bbox 311 2787 453 2850; x_wconf 90' lang='lat' dir='ltr'><strong>codicum</strong></span> <span class='ocrx_word' id='word_1_195' title='bbox 468 2789 699 2869; x_wconf 87' lang='lat' dir='ltr'><strong>inscriptiones,</strong></span> <span class='ocrx_word' id='word_1_196' title='bbox 719 2808 797 2869; x_wconf 89' lang='lat' dir='ltr'><strong>quas</strong></span> <span class='ocrx_word' id='word_1_197' title='bbox 813 2790 931 2850; x_wconf 90' lang='lat' dir='ltr'><strong>Haenel</strong></span> <span class='ocrx_word' id='word_1_198' title='bbox 949 2791 979 2850; x_wconf 92' lang='lat' dir='ltr'><strong>in</strong></span> <span class='ocrx_word' id='word_1_199' title='bbox 997 2789 1134 2851; x_wconf 89' lang='lat' dir='ltr'><strong>editione</strong></span> <span class='ocrx_word' id='word_1_200' title='bbox 1151 2791 1242 2870; x_wconf 89' lang='lat' dir='ltr'><strong>Legis</strong></span> 
     </span>
     <span class='ocr_line' id='line_1_29' title="bbox 156 2873 1241 2957; baseline -0.001 -22"><span class='ocrx_word' id='word_1_201' title='bbox 156 2876 246 2936; x_wconf 91' lang='lat' dir='ltr'><strong>Rom.</strong></span> <span class='ocrx_word' id='word_1_202' title='bbox 266 2875 344 2935; x_wconf 90' lang='lat' dir='ltr'><strong>Wis.</strong></span> <span class='ocrx_word' id='word_1_203' title='bbox 368 2894 401 2954; x_wconf 94' lang='lat' dir='ltr'><strong>p.</strong></span> <span class='ocrx_word' id='word_1_204' title='bbox 420 2875 481 2934; x_wconf 88' lang='grc'><strong>338</strong></span> <span class='ocrx_word' id='word_1_205' title='bbox 504 2875 588 2935; x_wconf 90' lang='lat' dir='ltr'><strong>citat.</strong></span> <span class='ocrx_word' id='word_1_206' title='bbox 609 2875 659 2935; x_wconf 93' lang='lat' dir='ltr'><strong>hic</strong></span> <span class='ocrx_word' id='word_1_207' title='bbox 674 2876 785 2936; x_wconf 91' lang='lat' dir='ltr'><strong>titulus</strong></span> <span class='ocrx_word' id='word_1_208' title='bbox 801 2876 879 2957; x_wconf 91' lang='lat' dir='ltr'><strong>quin</strong></span> <span class='ocrx_word' id='word_1_209' title='bbox 895 2876 1053 2956; x_wconf 87' lang='lat' dir='ltr'><strong>genuinus</strong></span> <span class='ocrx_word' id='word_1_210' title='bbox 1068 2877 1125 2955; x_wconf 85' lang='lat' dir='ltr'><strong>sit,</strong></span> <span class='ocrx_word' id='word_1_211' title='bbox 1144 2873 1241 2936; x_wconf 92' lang='lat' dir='ltr'><strong>dubi-</strong></span> 
     </span>
     <span class='ocr_line' id='line_1_30' title="bbox 156 2960 1240 3041; baseline 0 -20"><span class='ocrx_word' id='word_1_212' title='bbox 156 2962 218 3021; x_wconf 84' lang='lat' dir='ltr'><strong>tari</strong></span> <span class='ocrx_word' id='word_1_213' title='bbox 235 2962 290 3022; x_wconf 86' lang='lat' dir='ltr'><strong>uix</strong></span> <span class='ocrx_word' id='word_1_214' title='bbox 307 2969 419 3040; x_wconf 92' lang='lat' dir='ltr'><strong>potest.</strong></span> <span class='ocrx_word' id='word_1_215' title='bbox 449 2971 555 3021; x_wconf 91' lang='lat' dir='ltr'><strong>contra</strong></span> <span class='ocrx_word' id='word_1_216' title='bbox 567 2960 754 3022; x_wconf 91' lang='lat' dir='ltr'><strong>uocabulum</strong></span> <span class='ocrx_word' id='word_1_217' title='bbox 771 2969 971 3041; x_wconf 83' lang='lat' dir='ltr'><strong>receptorum,</strong></span> <span class='ocrx_word' id='word_1_218' title='bbox 992 2960 1076 3040; x_wconf 91' lang='lat' dir='ltr'><strong>quod</strong></span> <span class='ocrx_word' id='word_1_219' title='bbox 1089 2972 1118 3022; x_wconf 90' lang='lat' dir='ltr'><strong>et</strong></span> <span class='ocrx_word' id='word_1_220' title='bbox 1136 2962 1240 3041; x_wconf 93' lang='lat' dir='ltr'><strong>ipsum</strong></span> 
     </span>
     <span class='ocr_line' id='line_1_31' title="bbox 156 3045 1237 3126; baseline 0 -19"><span class='ocrx_word' id='word_1_221' title='bbox 156 3057 237 3108; x_wconf 90' lang='lat' dir='ltr'><strong>teste</strong></span> <span class='ocrx_word' id='word_1_222' title='bbox 255 3047 405 3107; x_wconf 90' lang='lat' dir='ltr'><strong>Haenelio</strong></span> <span class='ocrx_word' id='word_1_223' title='bbox 433 3047 466 3106; x_wconf 92' lang='lat' dir='ltr'><strong>in</strong></span> <span class='ocrx_word' id='word_1_224' title='bbox 486 3047 647 3108; x_wconf 93' lang='lat' dir='ltr'><strong>nonnullis</strong></span> <span class='ocrx_word' id='word_1_225' title='bbox 670 3049 761 3126; x_wconf 85' lang='lat' dir='ltr'><strong>Legis</strong></span> <span class='ocrx_word' id='word_1_226' title='bbox 780 3048 934 3108; x_wconf 89' lang='lat' dir='ltr'><strong>Romanae</strong></span> <span class='ocrx_word' id='word_1_227' title='bbox 961 3045 1121 3107; x_wconf 91' lang='lat' dir='ltr'><strong>codicibus</strong></span> <span class='ocrx_word' id='word_1_228' title='bbox 1143 3046 1237 3126; x_wconf 90' lang='lat' dir='ltr'><strong>redit,</strong></span> 
     </span>
     <span class='ocr_line' id='line_1_32' title="bbox 158 3131 1240 3212; baseline -0.001 -19"><span class='ocrx_word' id='word_1_229' title='bbox 158 3134 333 3212; x_wconf 89' lang='lat' dir='ltr'><strong>genuinum</strong></span> <span class='ocrx_word' id='word_1_230' title='bbox 355 3151 417 3193; x_wconf 87' lang='lat' dir='ltr'><strong>non</strong></span> <span class='ocrx_word' id='word_1_231' title='bbox 440 3151 508 3194; x_wconf 90' lang='lat' dir='ltr'><strong>esse</strong></span> <span class='ocrx_word' id='word_1_232' title='bbox 532 3131 599 3192; x_wconf 87' lang='lat' dir='ltr'><strong>iere</strong></span> <span class='ocrx_word' id='word_1_233' title='bbox 616 3151 723 3194; x_wconf 93' lang='lat' dir='ltr'><strong>omnes</strong></span> <span class='ocrx_word' id='word_1_234' title='bbox 745 3134 807 3194; x_wconf 95' lang='lat' dir='ltr'><strong>uiri</strong></span> <span class='ocrx_word' id='word_1_235' title='bbox 830 3132 912 3194; x_wconf 89' lang='lat' dir='ltr'><strong>docti</strong></span> <span class='ocrx_word' id='word_1_236' title='bbox 929 3131 1022 3193; x_wconf 92' lang='lat' dir='ltr'><strong>hodie</strong></span> <span class='ocrx_word' id='word_1_237' title='bbox 1039 3135 1240 3193; x_wconf 87' lang='lat' dir='ltr'><strong>consentiunt</strong></span> 
     </span>
     <span class='ocr_line' id='line_1_33' title="bbox 157 3219 704 3298; baseline 0 -19"><span class='ocrx_word' id='word_1_238' title='bbox 157 3219 283 3279; x_wconf 84' lang='lat' dir='ltr'><strong>etmihi</strong></span> <span class='ocrx_word' id='word_1_239' title='bbox 300 3236 425 3297; x_wconf 89' lang='lat' dir='ltr'><strong>quoque</strong></span> <span class='ocrx_word' id='word_1_240' title='bbox 441 3235 629 3298; x_wconf 89' lang='lat' dir='ltr'><strong>persuasum</strong></span> <span class='ocrx_word' id='word_1_241' title='bbox 646 3228 704 3279; x_wconf 86' lang='lat' dir='ltr'><strong>est.</strong></span> 
     </span>
    </p>
   </div>
   <div class='ocr_carea' id='block_1_3' title="bbox 520 3493 867 3762">
    <p class='ocr_par' dir='ltr' id='par_1_6' title="bbox 520 3493 867 3762">
     <span class='ocr_line' id='line_1_34' title="bbox 520 3493 837 3542; baseline 0 -2"><span class='ocrx_word' id='word_1_242' title='bbox 520 3493 549 3540; x_wconf 87' lang='lat' dir='ltr'><em>M</em></span> <span class='ocrx_word' id='word_1_243' title='bbox 560 3513 591 3535; x_wconf 92' lang='lat'>=</span> <span class='ocrx_word' id='word_1_244' title='bbox 605 3493 774 3542; x_wconf 86' lang='lat' dir='ltr'><strong>Monacensis</strong></span> <span class='ocrx_word' id='word_1_245' title='bbox 787 3493 809 3542; x_wconf 93' lang='lat' dir='ltr'>D</span> <span class='ocrx_word' id='word_1_246' title='bbox 823 3495 837 3540; x_wconf 75' lang='lat'>2</span> 
     </span>
     <span class='ocr_line' id='line_1_35' title="bbox 520 3561 843 3611; baseline -0.003 -1"><span class='ocrx_word' id='word_1_247' title='bbox 520 3562 539 3610; x_wconf 90' lang='lat' dir='ltr'><strong>L</strong></span> <span class='ocrx_word' id='word_1_248' title='bbox 560 3581 592 3604; x_wconf 87' lang='lat'><em>=</em></span> <span class='ocrx_word' id='word_1_249' title='bbox 606 3561 764 3611; x_wconf 88' lang='lat' dir='ltr'><strong>Parisiensis</strong></span> <span class='ocrx_word' id='word_1_250' title='bbox 778 3563 843 3610; x_wconf 83' lang='lat' dir='ltr'><strong>ttoa</strong></span> 
     </span>
     <span class='ocr_line' id='line_1_36' title="bbox 520 3630 867 3680; baseline 0 -2"><span class='ocrx_word' id='word_1_251' title='bbox 520 3631 538 3678; x_wconf 86' lang='lat' dir='ltr'><strong>A</strong></span> <span class='ocrx_word' id='word_1_252' title='bbox 561 3650 592 3672; x_wconf 83' lang='lat'>=</span> <span class='ocrx_word' id='word_1_253' title='bbox 606 3630 806 3680; x_wconf 86' lang='lat' dir='ltr'><strong>Aurelianensis</strong></span> <span class='ocrx_word' id='word_1_254' title='bbox 820 3633 867 3678; x_wconf 73' lang='grc'><strong>007</strong></span> 
     </span>
     <span class='ocr_line' id='line_1_37' title="bbox 520 3698 838 3762; baseline -0.003 -14"><span class='ocrx_word' id='word_1_255' title='bbox 520 3699 542 3748; x_wconf 76' lang='lat' dir='ltr'><strong>s</strong></span> <span class='ocrx_word' id='word_1_256' title='bbox 559 3718 591 3742; x_wconf 87' lang='lat'><strong>==</strong></span> <span class='ocrx_word' id='word_1_257' title='bbox 604 3698 796 3762; x_wconf 86' lang='lat' dir='ltr'><strong>Eporediensis</strong></span> <span class='ocrx_word' id='word_1_258' title='bbox 808 3701 838 3747; x_wconf 80' lang='lat'><strong>35</strong></span> 
     </span>
    </p>
   </div>
   <div class='ocr_carea' id='block_1_4' title="bbox 0 0 1518 4830">
    <p class='ocr_par' dir='ltr' id='par_1_7' title="bbox 0 0 1518 4830">
     <span class='ocr_line' id='line_1_38' title="bbox 0 0 1518 4830; baseline 0 1"><span class='ocrx_word' id='word_1_259' title='bbox 0 0 1518 4830; x_wconf 95' lang='lat' dir='ltr'><strong> </strong></span> 
     </span>
    </p>
   </div>
  </div>
 </body>
</html>
