3066 4826
563 415 649 426 ..-
695 382 750 443 101
798 413 884 426 .....
1100 381 1175 432 Paul.
1189 381 1234 444 IV,
1250 385 1264 430 8

178 565 242 627 *ex
256 576 376 630 euentu
397 566 575 630 deficientis
596 567 788 631 condicionis
812 579 843 630 et
857 578 929 630 ortu
951 569 1092 649 nepotis,
1119 571 1174 650 qui
1189 573 1265 635 uiuo

117 649 161 711 42
180 649 261 714 *auo
282 663 353 733 post
381 663 515 716 mortem
536 656 636 736 patris
658 663 826 730 natusest,
850 653 981 736 definiri
1006 664 1122 736 potest.
1170 658 1265 733 Quem

180 733 286 800 *filius
301 741 518 820 emancipatus
533 742 673 821 suscepit
694 741 747 802 uel
762 739 935 821 adoptauit,
954 742 1004 801 sui
1020 740 1147 804 heredis
1162 743 1264 805 focum

180 821 235 885 *in
258 826 311 887 aui
326 827 541 904 successione,
568 827 649 888 sicut
671 826 740 907 ipse
761 837 869 906 pater,
895 824 1038 888 obtinere
1061 845 1124 888 000
1146 836 1262 908 potest.

179 907 370 990 *adoptiuus
394 921 500 974 tamen
516 930 574 974 nec
588 913 679 993 quasi
701 921 852 992 cognatus
865 911 1019 973 bonorum
1034 915 1264 992 possessionem
1283 926 1297 972 5

117 993 160 1052 43
180 994 271 1057 *eius
296 1005 407 1077 petere
437 1005 551 1079 potest.
598 1000 631 1060 Si
652 1000 702 1060 sui
729 998 865 1060 heredes
890 1017 954 1060 non
981 1007 1073 1078 sunt,
1100 998 1141 1061 ad
1167 1019 1265 1080 agna-

181 1082 249 1143 *tos
265 1082 405 1162 legitima
428 1082 589 1146 hereditas
604 1083 795 1163 pertinebit,
814 1085 899 1146 inter
914 1102 993 1164 quos
1008 1085 1146 1166 primum
1162 1085 1264 1148 locum

180 1168 426 1248 *consanguinei
448 1168 603 1231 obtinent.
656 1171 762 1250 agnati
785 1179 890 1232 autem
913 1178 988 1232 sunt
1015 1171 1139 1249 cognati
1161 1171 1264 1234 uirilis

180 1252 297 1316 *sexus
317 1273 377 1336 per
397 1255 523 1318 uirilem
539 1273 650 1318 semum
672 1255 920 1334 descendentes,
946 1257 1028 1319 sicut
1051 1256 1135 1318 iilius
1158 1255 1264 1319 fratris

118 1336 161 1396 44
181 1341 234 1401 *et
247 1348 380 1421 patruus
395 1350 427 1402 et
442 1340 594 1422 deinceps
609 1351 672 1403 tota
687 1339 876 1404 successio*
911 1342 998 1404 Inter
1019 1353 1148 1422 agnatos
1164 1352 1196 1404 et
1211 1363 1264 1404 00-
1283 1354 1314 1399 40

182 1434 294 1507 gnatos
309 1426 367 1489 hoo
385 1427 532 1505 interest,
556 1425 641 1508 quod
656 1428 688 1488 in
711 1428 834 1508 agnatis
850 1429 944 1490 etiam
959 1429 1082 1508 cognati
1097 1429 1266 1491 continen-

183 1522 252 1590 tur,
278 1513 364 1574 inter
386 1522 532 1593 cognatos
553 1531 631 1575 uero
653 1515 757 1594 agnati
777 1533 840 1575 non
862 1512 1186 1594 comprehenduntur.
1233 1525 1265 1577 et

182 1597 255 1659 ideo
277 1606 410 1678 patruus
433 1607 466 1659 et
487 1608 620 1678 agnatus
641 1609 689 1660 est
712 1609 744 1660 et
766 1609 932 1680 cognatus,
957 1600 1136 1662 auunculus
1158 1610 1264 1663 autem

117 1678 161 1738 45
182 1693 334 1764 cognatus
348 1683 573 1747 tantummodo.
598 1684 847 1764 *consanguinei
864 1694 938 1747 sunt
953 1684 1063 1747 eodem
1078 1695 1168 1766 patre
1183 1688 1261 1766 nati,

181 1768 276 1830 *licet
290 1768 428 1832 diuersis
443 1769 608 1849 matribus,
627 1772 681 1851 qui
697 1773 731 1831 in
745 1780 898 1851 potestate
914 1769 1044 1833 fuerunt
1058 1773 1167 1833 mortis
1181 1783 1265 1834 tem·
1283 1783 1314 1831 40

181 1854 295 1936 *perez
321 1855 490 1937 adoptiuus
512 1875 638 1937 quoque
655 1855 767 1935 frater,
792 1857 820 1919 si
832 1875 895 1918 non
916 1858 958 1919 sit
973 1858 1206 1938 emancipatus,
1233 1867 1265 1920 04

180 1939 234 2002 *hi
250 1941 306 2020 qui
321 1951 391 2022 post
406 1951 539 2004 mortem
551 1943 649 2024 patris
663 1943 730 2004 nati
741 1953 816 2004 sunt
830 1943 884 2005 uel
896 1961 1022 2006 causam
1032 1942 1262 2024 probauerunt.

117 2023 163 2082 46
181 2029 295 2088 *Soror
317 2029 386 2089 iure
408 2023 688 2108 consanguinitatis
711 2037 775 2091 tam
790 2028 831 2090 ad
856 2027 962 2091 fratris
977 2047 1073 2109 quam
1094 2028 1135 2091 ad
1150 2030 1264 2092 sororis

121 2106 163 2168 47
180 2111 417 2184 *hereditatem
443 2113 632 2176 admittitur.
680 2115 930 2196 Gonsanguineis
951 2133 1014 2176 non
1037 2114 1265 2178 exsistentibus

181 2199 323 2279 *agnatis
335 2198 480 2262 defertur
488 2198 658 2279 hereditas,
672 2211 768 2281 prout
775 2202 847 2281 quis
859 2201 993 2264 altemm
1005 2200 1106 2282 gradu
1116 2221 1264 2283 praeces·
1282 2213 1313 2260 40

181 2284 297 2346 *serit:
322 2284 408 2366 quod
423 2286 450 2346 si
465 2286 574 2366 plures
590 2285 700 2348 eodem
717 2285 818 2367 gradu
833 2287 1020 2367 consistunt,
1038 2287 1133 2350 simul
1148 2287 1265 2350 admit-

121 2365 164 2426 48
180 2368 344 2434 *tantun*
380 2372 413 2432 Si
429 2372 493 2434 sint
516 2370 630 2435 fratres
649 2371 793 2434 defuncti
812 2382 844 2436 et
861 2372 968 2436 fratris
988 2374 1045 2439 filii
1063 2374 1116 2436 uel
1133 2382 1266 2455 nepotes

121 2452 162 2511 49
181 2456 277 2519 fratre
292 2476 357 2519 non
368 2458 550 2537 exsistente,
570 2458 654 2520 filius
670 2456 776 2522 fratris
791 2459 900 2540 nepoti
913 2459 1103 2540 praefertur.
1139 2457 1221 2522 *Sed
1237 2461 1263 2522 si

180 2542 336 2604 *duorum
352 2541 484 2606 fratrum
499 2544 563 2606 sint
576 2543 680 2621 liberi,
699 2563 762 2606 non
778 2545 811 2606 in
826 2546 952 2626 stirpes,
969 2545 1027 2608 sed
1043 2546 1191 2626 incapite
1206 2545 1265 2607 he-

111 2663 120 2675 ·
181 2628 319 2692 *reditas
334 2626 547 2709 distribuitur,
566 2631 687 2692 scilicet
700 2639 737 2692 ut
751 2650 808 2711 pro
822 2651 956 2693 numero
971 2631 1169 2712 singulorum
1183 2632 1265 2693 uiri·
1282 2643 1315 2706 40

72 2707 258 2792 2422)*4440
270 2713 479 2777 distribuatur
489 2715 682 2779 hereditas*
696 2717 842 2778 Feminae
853 2716 893 2778 ad
904 2717 1098 2779 hereditates
1108 2717 1265 2797 legitimas

181 2801 265 2864 ultra
278 2801 529 2881 consanguineas
539 2802 752 2864 successiones
762 2821 825 2864 non
838 2801 1064 2865 admittuntur:
1084 2801 1182 2882 idque
1194 2803 1263 2866 iure

252 2991 277 3047 8,
292 2991 392 3038 ti-so
406 3008 438 3032 =
454 2987 561 3040 Goilctio
573 2993 615 3051 46,
630 2993 655 3052 3,
669 2993 770 3040 44-44

179 3089 1263 3106 MAWWNVNWWWVWWVVWVWWWMNJWWUWWUW

251 3163 266 3208 4
286 3161 328 3209 004
338 3157 454 3222 definiri]
469 3160 532 3209 iniri
547 3159 635 3221 00444),
648 3160 725 3209 siniri
738 3160 824 3211 Goll.w
840 3159 919 3211 Coti.v
947 3158 958 3222 ΙΙ
987 3158 1077 3224 quem]
1093 3160 1264 3212 cuiuscoii.1³

183 3227 282 3289 00444,
297 3241 360 3278 eum
376 3227 454 3279 Coti.v
482 3227 494 3291 11
523 3229 681 3292 40000004
696 3228 776 3280 uetur
791 3228 887 3289 00440,
901 3229 1024 3292 aequasi
1040 3228 1119 3279 0044.4
1148 3228 1159 3292 ΙΙ
1190 3232 1263 3280 900-

179 3309 247 3347 xum
260 3309 310 3346 orn.
325 3297 423 3346 0044000
451 3295 462 3360 ΙΙ
493 3299 520 3345 44
537 3296 611 3360 quod
624 3309 674 3347 000,
689 3297 752 3348 Coit.
783 3297 794 3361 ΙΙ
825 3301 855 3346 it
870 3299 897 3348 04
908 3296 1030 3360 agnatus]
1045 3299 1157 3361 agnatus
1172 3297 1235 3349 0044.
1253 3295 1264 3364 ss

181 3367 216 3413 44
236 3364 434 3429 tantummodo]
447 3364 635 3416 tantummodo
648 3367 689 3415 est
704 3365 766 3416 Coti.
797 3365 808 3430 ss
839 3369 870 3414 ti
889 3378 972 3415 causa
984 3367 1082 3416 0044000
1109 3365 1121 3430 ΙΙ
1151 3369 1182 3414 44
1201 3379 1264 3430 gra-

178 3433 249 3484 dum
261 3435 359 3484 0044000
396 3433 407 3496 ΙΙ
449 3437 481 3483 44
500 3435 523 3484 04
541 3435 595 3484 0404
611 3432 708 3484 iratres
726 3433 847 3485 defuncti
866 3437 893 3484 04
908 3433 1006 3485 fratres
1022 3433 1070 3484 filii
1088 3435 1133 3485 uel
1151 3437 1263 3500 nepotes

181 3503 242 3561 444,
262 3503 285 3552 04
304 3503 339 3553 044
355 3499 438 3553 irater
454 3500 575 3554 defuncti
593 3504 621 3552 et
638 3501 729 3554 fratris
746 3503 819 3554 iilius
831 3506 858 3554 et
870 3515 955 3567 nepos
970 3503 1051 3554 Coit:
1070 3505 1093 3554 si
1107 3505 1161 3554 sint
1172 3502 1263 3555 fratris

180 3569 304 3621 defuncti
322 3573 348 3620 et
365 3570 437 3622 filius
455 3574 483 3621 04
500 3584 585 3636 nepos
601 3585 652 3621 sor.
695 3571 706 3634 11
747 3576 780 3631 it
796 3570 879 3636 00044
894 3575 925 3620 to
938 3573 994 3622 044.
1009 3585 1043 3622 ex
1057 3572 1263 3637 Epitomcacpi-

180 3641 261 3690 44000
273 3639 482 3690 inserentium:
495 3639 567 3691 filius
579 3639 670 3690 fratris
682 3641 802 3690 intestati
815 3640 870 3690 filio
883 3641 986 3690 sororis
997 3640 1158 3706 praefertur,
1172 3641 1263 3692 404040

177 3709 302 3769 supplent
313 3721 348 3758 00
359 3709 502 3771 appendice
516 3713 540 3768 4,
556 3711 584 3759 i:
604 3709 716 3773 legitimi
733 3709 848 3760 heredes
865 3709 924 3758 iure
941 3709 1037 3772 gallico
1055 3710 1126 3760 intra
1145 3711 1263 3760 centesi-

179 3789 258 3826 mum
277 3775 350 3827 diem
368 3777 420 3827 nisi
439 3776 556 3827 adierint
573 3777 769 3840 hereditatem,
794 3777 829 3828 ad
852 3778 991 3842 proximos
1009 3777 1104 3828 eadem
1123 3779 1262 3829 successio

180 3843 355 3908 transfertur,
371 3851 509 3908 04440000
519 3859 572 3896 000
584 3847 669 3906 Pauli,
683 3848 729 3897 004
740 3847 891 3908 1404οψ40440
925 3845 936 3909 ss
970 3844 1107 3897 feminae.
1123 3884 1129 3897 .
1145 3883 1152 3898 .
1167 3849 1198 3896 44
1211 3846 1262 3898 ad-

179 3913 335 3978 mittuntur]
356 3915 390 3964 04
407 3915 453 3964 400
470 3927 569 3965 camno
583 3918 714 3976 pertinent
730 3915 813 3965 uerbo
824 3913 977 3976 Appeodtcte
990 3917 1014 3975 4,
1030 3919 1059 3965 4;
1080 3914 1196 3966 feminae
1210 3917 1261 3966 etsi

179 3981 253 4032 ultra
265 3984 482 4047 consanguineas
495 3983 659 4034 hereditates
670 3983 705 4034 ad
718 3983 920 4034 successionem
933 3983 1079 4047 legitimam
1092 3997 1147 4034 non
1160 3983 1262 4035 admit-

180 4053 293 4112 tantur,
311 4052 492 4116 proximitatis
508 4055 599 4103 tamen
617 4052 653 4102 ad
670 4053 872 4102 successionem
889 4054 983 4117 petere
1000 4065 1054 4102 000
1072 4052 1260 4117 prohibentur,

178 4133 248 4181 quoe
264 4133 318 4169 004
334 4125 394 4171 0404
407 4121 492 4180 440044,
512 4123 557 4171 004
570 4121 734 4182 4040000440,
754 4121 812 4170 ticet
828 4133 880 4170 000
892 4122 1013 4180 eiusdem,
1033 4135 1108 4183 00000
1125 4123 1262 4187 wisigothi

177 4189 378 4251 exemptarum
406 4188 418 4251 11
446 4191 478 4238 44
498 4189 580 4253 idque
593 4190 651 4251 444,
666 4189 694 4239 id
705 4188 780 4253 quod
795 4189 884 4252 cottr,
893 4189 927 4238 hi
938 4189 1013 4254 quod
1028 4190 1115 4242 eous
