3028 4830
544 361 630 374 --
674 327 713 388 37
758 363 844 374 —-
1127 329 1187 394 le.
1203 332 1235 379 st

150 536 213 579 nus
229 535 325 596 quam
341 525 461 596 partem
478 514 642 577 dimidiam
658 514 812 577 bonorum
828 526 958 597 patrono
975 517 1142 596 relinquat,
1161 536 1237 578 con·

149 613 201 665 tra
215 601 339 664 tabulas
360 603 538 663 testamenti
554 603 653 683 partis
674 601 822 664 dimidiae
844 601 998 663 bonorum
1020 603 1175 682 possessio
1190 603 1236 663 illi

151 688 262 762 datur,
290 689 352 749 nisi
368 686 501 749 libertus
524 687 662 768 aliquem
678 707 719 750 ex
733 687 930 750 naturalibus
951 687 1059 750 liberis
1075 707 1236 750 successo-

150 794 220 836 rem
236 773 298 836 sibi
314 773 490 854 relinquat,
515 773 584 835 siue
601 774 746 835 intestato
761 772 895 836 decedat
916 782 947 835 et
962 792 1091 835 uxorem
1108 772 1185 836 forte
1202 774 1234 835 in

152 879 249 922 manu
271 860 324 921 uel
338 859 523 940 adoptiuum
546 859 645 920 filium
666 860 842 940 relinquat,
868 878 969 940 aeque
992 861 1090 940 partis
1111 859 1234 921 mediae
1255 874 1268 918 5

150 945 307 1007 bonorum
323 946 476 1025 possessio
492 954 597 1006 eontra
614 963 686 1007 suos
702 944 836 1007 heredes
851 954 982 1026 patrono
997 943 1100 1006 datur.

112 1035 133 1094 2
240 1033 276 1092 ln
296 1030 388 1092 bonis
409 1030 542 1092 libertae
569 1040 698 1111 patrono
720 1031 800 1092 nihil
826 1031 905 1093 iuris
932 1050 972 1092 ex
994 1030 1097 1093 edicto
1122 1029 1229 1114 datur:

153 1120 262 1198 itaque
283 1137 342 1178 seu
360 1163 565 1178 ........
583 1135 637 1178 seu
658 1118 806 1178 intestata
828 1117 980 1178 moriatur
1001 1115 1132 1192 liberta,
1150 1135 1236 1178 sem-

153 1222 215 1284 per
228 1203 269 1264 ad
284 1221 356 1264 eum
372 1201 533 1264 hereditas
548 1203 704 1283 pertinet,
722 1203 795 1264 licet
809 1201 903 1264 liberi
919 1203 981 1264 sint
995 1201 1137 1280 libertae,
1156 1221 1236 1283 quo·

113 1293 132 1352 3
153 1292 240 1350 niam
261 1307 322 1350 non
338 1299 412 1350 sunt
436 1289 485 1350 sui
502 1288 638 1350 heredes
654 1289 764 1367 matri,
788 1296 823 1350 ut
842 1283 964 1350 obstent
984 1297 1125 1368 patrono.
1172 1289 1236 1349 Lex
1254 1302 1285 1347 ιι

153 1376 247 1455 Papia
266 1375 409 1455 Poppaeo
429 1383 538 1454 postea
552 1373 681 1436 libertas
698 1383 846 1455 quattuor
861 1373 1033 1435 liberorum
1055 1374 1122 1436 iure
1138 1375 1236 1435 tutela

152 1471 357 1542 patronorum
385 1458 549 1522 liberauit:
575 1469 698 1522 etcum
726 1461 868 1522 intulerit
890 1461 950 1521 iam
977 1478 1068 1540 posse
1092 1461 1234 1521 cassino

152 1547 336 1609 auctoritate
358 1555 561 1626 patronorum
576 1547 703 1625 testari,
722 1547 901 1626 prospexit,
928 1555 963 1607 ut
977 1563 1034 1626 pro
1049 1563 1181 1606 numero
1196 1545 1236 1605 li-

153 1633 304 1695 berorum
326 1631 460 1693 libertae
482 1633 683 1713 superstitum
700 1632 803 1693 uirilis
825 1649 900 1711 pars
914 1640 1044 1712 patrono
1067 1629 1231 1692 debeatur.

114 1722 133 1781 l
153 1717 260 1780 Liberi
281 1719 405 1798 patroni
421 1718 524 1779 uirilis
545 1735 642 1779 sexus
663 1717 774 1780 cadem
789 1719 859 1780 iura
881 1719 914 1778 in
935 1715 1027 1778 bonis
1047 1716 1232 1778 libertorum
1254 1731 1285 1778 tt

114 1806 134 1865 5
153 1815 321 1884 parentum
342 1819 471 1865 suorum
493 1803 628 1882 habent,
648 1822 729 1884 quae
752 1804 872 1884 etipse
894 1812 1057 1883 patronus·
1089 1803 1234 1865 Feminae

153 1909 232 1953 uero
257 1889 386 1970 exlege
409 1888 538 1969 quidem
561 1889 728 1952 duodecim
749 1888 929 1951 tabularum
950 1888 1085 1969 perinde
1106 1890 1156 1950 ius
1179 1887 1236 1950 ha-

153 1976 243 2053 bent,
262 1986 357 2056 atque
374 1975 504 2037 masculi
520 1985 721 2056 patronorum
737 1975 840 2036 liberi.
866 1984 974 2036 contra
990 1973 1113 2036 tabulas
1129 1984 1235 2038 autem

152 2063 338 2124 testamenti
357 2060 462 2122 liberti
484 2073 538 2123 aut
560 2059 601 2122 ab
624 2063 769 2123 intestato
791 2069 898 2123 contra
921 2079 994 2123 suos
1016 2059 1150 2122 heredes
1172 2079 1234 2122 non

152 2149 315 2209 naturales
326 2145 479 2208 bonomm
491 2149 645 2226 possessio
657 2148 702 2209 cis
714 2166 776 2207 non
788 2148 953 2228 competit:
969 2145 1026 2208 scd
1038 2147 1066 2208 si
1078 2146 1127 2208 ins
1137 2147 1236 2207 trium
1253 2158 1284 2204 to

153 2233 328 2295 liberorum
349 2232 545 2311 habuerunt,
575 2234 669 2294 etiam
696 2234 770 2296 haee
794 2233 862 2294 iura
884 2252 924 2294 ex
948 2233 1017 2312 lege
1040 2233 1133 2313 Papia
1156 2233 1236 2312 Pop-

115 2323 134 2382 6
152 2339 233 2401 paea
253 2320 488 2381 nanciscuntur.
529 2320 679 2380 Patronae
708 2321 739 2380 ιἰι
760 2318 853 2380 bonis
879 2318 1064 2380 libertorum
1086 2317 1166 2380 illud
1186 2319 1236 2380 ius

153 2415 278 2468 tantum
293 2404 464 2483 habebant,
489 2405 575 2485 quod
597 2406 649 2466 lex
665 2403 831 2466 duodecim
845 2404 1024 2466 tabularum
1041 2402 1233 2465 introduxit:

153 2491 213 2553 sed
234 2499 342 2572 postea
356 2491 409 2553 lex
423 2491 516 2571 Papia
531 2491 678 2572 iupeouoe
697 2501 847 2571 patronae
864 2489 987 2552 duobus
1007 2489 1118 2551 liberis
1138 2490 1237 2550 hono-

154 2588 241 2639 ratae
252 2625 260 2655 ,
271 2576 583 2654 ¹libertinae'tribus,
608 2575 643 2638 id
658 2577 737 2639 iuris
752 2576 855 2653 dedit,
873 2576 957 2657 quod
972 2586 1124 2656 patronus
1140 2574 1236 2637 habet
1254 2588 1285 2635 ιι

114 2669 133 2727 7
154 2684 195 2725 ex
211 2662 322 2725 edicto.
348 2664 426 2724 ltem
441 2663 598 2742 ingenuae
611 2663 709 2724 trium
724 2661 897 2724 liberorum
913 2663 982 2724 iure
998 2663 1166 2723 honoratae
1183 2662 1236 2723 e'a-

153 2749 229 2812 dem
244 2749 296 2810 lex
311 2747 345 2810 id
360 2749 409 2810 ius
420 2747 520 2827 dedit,
539 2746 624 2828 quod
639 2749 699 2829 ipsi
715 2757 847 2829 patrono
862 2747 985 2810 tribuit.

165 2926 169 2931 .
178 2920 263 2932 vuxtvvx
276 2919 730 2931 saw-*wmxmmwnmnrwssxMJx-ma.m
1102 2915 1235 2928 mmm

225 3021 436 3074 xdimidiamC
459 3021 470 3085 11
494 3026 508 3072 t
528 3022 675 3073 manumc
698 3023 709 3085 11
734 3024 888 3072 sicconem
899 3023 927 3069 ιἰι
942 3019 962 3070 C
975 3033 1027 3070 ooo
1038 3021 1180 3071 todtcotom
1191 3019 1237 3069 ol>-

155 3095 274 3144 semote
286 3093 452 3142 Loctmorm:
471 3091 653 3142 deuderomto·
668 3090 723 3153 sero
735 3093 815 3141 tollo:
835 3103 883 3140 seu
895 3090 986 3139 testari
998 3087 1116 3139 uoluerit
1128 3087 1234 3147 liberta,

155 3164 184 3212 in
195 3163 302 3226 patroni
315 3163 448 3226 potestate
461 3162 526 3221 erat,
547 3173 581 3209 ne
592 3161 753 3210 testamento
765 3162 862 3209 auctor
874 3157 959 3218 fleret,
979 3159 1007 3206 in
1020 3171 1074 3222 quo
1087 3157 1145 3222 ipse
1158 3155 1236 3206 heres

155 3233 296 3281 institutus
308 3243 364 3280 non
376 3231 456 3290 esset,
471 3241 519 3278 seu
542 3228 554 3291 11
579 3233 610 3277 lt
628 3230 659 3277 nt
670 3226 778 3278 obstent
790 3228 948 3285 Lactotonu,
962 3225 1078 3276 obstitG
1098 3225 1111 3288 11
1136 3229 1162 3273 lt
1185 3238 1237 3290 po·

154 3299 276 3365 pcamC
310 3298 322 3362 11
358 3301 389 3346 tr
408 3297 479 3348 eaC
512 3296 524 3360 11
560 3299 590 3346 tt
610 3295 845 3360 subprestitumC
879 3294 890 3358 11
927 3299 957 3344 t'l
976 3294 1088 3359 perinde
1108 3293 1142 3353 C,
1163 3293 1236 3344 idem

156 3367 274 3418 Huschke
297 3367 309 3431 11
334 3365 575 3416 tetestamentoc
597 3364 608 3428 11
633 3368 660 3413 st
684 3364 769 3415 hacc
791 3363 802 3428 1
827 3362 1035 3428 itpaternaec
1058 3363 1069 3426 1
1092 3362 1212 3426 inlexe
1228 3359 1236 3427 11

155 3441 187 3486 2³
207 3435 360 3487 habeantc
388 3435 399 3498 11
429 3438 460 3483 lt
480 3436 611 3494 ingenuae
628 3432 757 3495 Celadus,
772 3431 859 3483 cmc
887 3432 898 3496 11
928 3435 959 3480 tt
978 3431 1133 3482 edictumC
1154 3430 1166 3494 11
1193 3431 1237 3479 in·

154 3504 272 3569 genulc
294 3503 306 3567 1
330 3507 361 3552 et
380 3505 487 3568 patroni
503 3503 536 3554 C·
