3066 4826
284 341 518 403 aautlurttr
664 375 751 394 „-
796 341 856 402 104
901 373 986 386 -...

283 529 401 592 *lertur
423 537 455 591 et
476 528 577 592 abiis
598 530 739 610 legitima
760 528 921 592 hereditas
941 527 1057 591 aditur.
1105 527 1239 609 perinde
1261 537 1367 592 autem

283 615 411 677 *matris
432 617 583 678 certiores
611 616 668 676 filii
683 617 779 693 liunt,
805 635 869 677 non
883 617 995 677 nuntio
1010 625 1155 696 accepto,
1182 614 1239 677 sed
1255 635 1313 695 pro
1328 615 1368 676 li-

246 703 263 761 t
284 700 398 782 *quido
414 711 583 782 comperto,
602 701 687 782 quod
703 704 849 764 intestata
864 700 1046 764 decesserit.
1079 702 1176 764 Filius
1192 709 1367 762 maternam

282 784 509 850 *hereditatem
535 787 733 870 eandemque
758 788 932 868 legitimam
957 788 1019 849 nisi
1045 785 1191 850 adeundo
1211 805 1367 868 quaerere

282 873 364 935 *non
379 873 513 954 potest*
1387 886 1401 932 t

677 1043 716 1126 [rr
759 1063 797 1106 nu
819 1044 969 1127 oannurs]

234 1166 265 1224 pt
367 1161 548 1248 *Ertpporo
566 1165 784 1250 cognationum
799 1163 920 1226 directo
935 1165 1035 1226 limite
1052 1163 1086 1226 in
1102 1163 1180 1227 duas
1195 1165 1297 1227 lineas
1314 1184 1368 1227 se-

282 1249 470 1331 *parantur‚
490 1268 625 1330 quarum
640 1251 739 1312 altera
754 1253 909 1331 superior,
927 1251 1026 1313 altera
1042 1249 1189 1312 inferior:
1214 1271 1254 1313 ex
1269 1270 1368 1330 supe-

282 1335 382 1398 *riore
398 1345 504 1398 autem
525 1345 557 1398 et
579 1335 717 1398 secundo
740 1336 840 1417 gradu
866 1345 1065 1399 transuersae
1086 1337 1187 1399 lineae
1207 1336 1362 1418 pendent,

281 1422 379 1504 *quas
393 1441 503 1484 omnes
513 1423 625 1485 latiore
639 1431 773 1485 tractatu
785 1422 892 1484 habito
904 1423 937 1484 in
953 1421 1071 1484 librum
1084 1423 1277 1503 singularem
1291 1443 1368 1486 cou-
1389 1435 1415 1479 4ο

245 1509 257 1568 4
281 1507 491 1570 *texuimus*
534 1510 636 1570 Primo
656 1508 758 1590 gradu
778 1509 934 1590 superiori
949 1509 1032 1571 linea
1054 1511 1256 1570 continentur
1277 1522 1368 1590 pater
1401 1511 1403 1518 ’

281 1603 393 1673 mater,
417 1593 557 1656 inferiori
573 1594 657 1656 iilius
672 1595 753 1656 filia:
773 1594 890 1675 quibus
902 1595 1007 1657 nullae
1022 1594 1101 1656 aliae
1119 1613 1273 1676 personae
1293 1597 1368 1658 iun·
1464 1657 1467 1666 ,

244 1679 263 1740 i
282 1687 414 1761 guntur:
435 1680 579 1742 Secundo
592 1680 692 1762 gradu
706 1683 908 1743 eontinentur
918 1681 1074 1762 superiori
1089 1681 1174 1743 linea
1186 1701 1266 1743 anus
1280 1684 1363 1762 auia,

282 1765 423 1828 inferiori
439 1785 538 1846 nepos
552 1768 668 1850 peptis,
687 1777 870 1829 transuersa
885 1765 983 1828 irater
998 1785 1094 1828 soror.
1120 1785 1201 1847 quae
1213 1787 1366 1848 personae

283 1851 501 1932 duplicantur:
521 1871 600 1914 auus
616 1853 699 1913 enim
715 1860 746 1914 et
761 1853 833 1914 auia
847 1862 911 1914 tam
927 1872 967 1914 ex
981 1862 1072 1936 patre
1084 1871 1178 1932 quam
1196 1871 1237 1914 ex
1252 1864 1362 1933 matre,
1387 1868 1421 1914 45

282 1957 381 2018 nepos
401 1939 507 2018 neptis
527 1947 591 2000 tam
615 1957 655 2000 ex
670 1939 733 1999 filio
749 1957 844 2018 quarn
861 1957 901 1999 ex
917 1938 997 2017 filia,
1023 1937 1122 2000 irater
1143 1957 1231 2000 soror
1245 1949 1310 2001 tam
1326 1959 1367 2002 ex

281 2033 370 2104 patre
386 2043 481 2104 quam
497 2043 537 2086 ex
557 2032 658 2086 matre
674 2025 885 2104 accipiuntur.
932 2042 1014 2104 quae
1029 2043 1181 2105 personae
1201 2028 1367 2106 sequenti-

283 2109 343 2171 bus
363 2128 489 2190 quoque
510 2109 664 2190 gradibus
685 2111 832 2172 similiter
852 2129 909 2190 pro
932 2109 1108 2172 substantia
1131 2129 1258 2190 earum,
1283 2131 1366 2192 quae

243 2196 262 2254 3
284 2197 316 2256 in
332 2212 458 2275 quoque
475 2195 575 2276 gradu
590 2197 776 2275 consistunt,
795 2197 863 2276 ipso
878 2194 990 2257 ordine
1006 2195 1219 2277 duplicantur.
1260 2199 1366 2259 Tertio

283 2280 384 2360 gradu
391 2282 527 2343 ueniunt
538 2301 633 2362 supra
644 2301 781 2362 proauus
796 2283 942 2362 proauia:
962 2281 1041 2344 infra
1054 2302 1209 2364 pronepos
1224 2302 1365 2364 pronep-
1383 2298 1416 2345 ao

282 2368 339 2428 tis:
375 2385 415 2428 ex
435 2366 562 2447 obliquo
578 2367 683 2430 iratris
705 2370 886 2448 sororisque
902 2368 985 2430 filius
1001 2368 1080 2447 filia,
1107 2377 1239 2449 patruus
1255 2371 1360 2447 amita,

283 2451 316 2512 id
332 2461 380 2513 est
394 2454 493 2532 patris
505 2451 601 2514 irater
616 2463 648 2515 et
664 2472 760 2534 soror,
779 2455 956 2516 auunculus
970 2463 1158 2534 matertera,
1178 2453 1211 2516 id
1226 2465 1276 2516 est
1297 2475 1365 2517 ma-

245 2539 262 2597 l
283 2539 341 2599 tris
356 2535 455 2600 irater
470 2547 502 2600 et
516 2557 616 2602 soror.
648 2541 765 2612 Quarto
781 2539 882 2620 gradu
896 2540 1032 2601 ueniunt
1048 2559 1145 2621 supra
1160 2539 1282 2603 abauus
1305 2541 1364 2604 ab·

281 2625 369 2686 auia:
389 2624 472 2686 inira
484 2623 624 2706 abnepos
637 2624 801 2705 abneptis:
822 2645 862 2687 ex
874 2625 1001 2706 obliquo
1013 2626 1120 2688 fratris
1133 2636 1163 2688 et
1175 2629 1292 2688 sororis
1304 2647 1364 2690 ne-

281 2729 338 2790 pos
353 2711 468 2790 neptis,
486 2710 585 2773 lrater
599 2712 753 2792 patruelis
764 2729 852 2773 soror
866 2712 1030 2792 patruelis,
1050 2711 1142 2774 idest
1157 2715 1264 2793 patrui
1279 2714 1364 2776 filius
1383 2727 1415 2775 at

282 2796 362 2874 lilia,
389 2795 596 2859 consobrinus
612 2797 814 2876 consobrina,
840 2797 937 2859 idest
957 2799 1106 2860 auunculi
1122 2807 1154 2860 et
1176 2808 1364 2862 materterae

282 2882 364 2944 filius
380 2883 460 2962 filia,
487 2884 637 2945 amitinus
651 2884 796 2962 amitina,
823 2880 856 2945 id
872 2892 921 2945 est
935 2885 1049 2947 amitae
1065 2885 1149 2946 filius
1165 2885 1245 2946 filia:
1272 2885 1366 2947 item-

281 2986 345 3048 que
361 2967 550 3048 conscbrini,
569 2971 624 3050 qui
641 2988 681 3031 ex
699 2967 824 3032 duabus
839 2968 1001 3032 sororibus
1015 2979 1199 3032 nascuntur.
1248 2971 1365 3050 quibus

280 3053 433 3116 adcrescit
453 3065 587 3136 patruus
608 3073 740 3136 maguus
762 3055 857 3117 amita
878 3073 1007 3135 magna,
1037 3055 1070 3118 id
1093 3065 1141 3118 est
1166 3057 1219 3118 aui
1240 3059 1366 3138 paterni

282 3139 381 3202 irater
395 3149 427 3202 et
441 3159 545 3202 soror:
571 3140 749 3204 auunculus
771 3159 904 3221 magnus
926 3150 1097 3205 matertera
1111 3161 1242 3222 magna,
1267 3143 1365 3206 idest
1384 3157 1415 3203 ao

900 3276 1045 3290 ΝΛΛΛΛΛΛΛΛο
1314 3281 1366 3293 m

350 3343 682 3408 l0‚k=1lpp0ttdt'oel,8
724 3343 735 3410 11
777 3346 1124 3410 ll‚l²=Dt'9.38,l0‚9
1165 3347 1177 3412 11
1218 3350 1365 3400 ll=Leae

286 3411 488 3476 Wtstpottowm
499 3415 525 3476 t,
541 3416 551 3462 4

281 3531 332 3545 ΜΛ.

349 3601 358 3648 4
381 3598 417 3651 ab
431 3636 438 3651 .
453 3637 460 3652 .
476 3635 484 3654 .
498 3603 513 3648 4
526 3600 631 3664 matris]
651 3602 714 3651 lucc
730 3605 768 3652 sic
779 3604 901 3652 restitue:
920 3603 954 3653 ab
973 3603 1006 3654 iis
1024 3603 1161 3655 hereditas
1178 3603 1279 3655 aditur.
1308 3619 1363 3656 nou

278 3670 342 3719 aute
354 3671 445 3719 autem
457 3671 553 3720 matris
566 3669 683 3733 legitima
695 3671 833 3722 hereditas
845 3671 915 3721 adiri
927 3673 1016 3736 potest
1027 3685 1110 3736 quam
1139 3673 1150 3736 11
1181 3675 1212 3722 44
1226 3687 1295 3738 quas
1309 3709 1316 3723 .
1332 3711 1362 3724 ..

279 3739 470 3789 contexuimus
484 3739 663 3800 (conteximus
676 3739 706 3802 ll)
723 3741 869 3790 oddtdmiot
880 3740 1016 3790 lastiniani
1050 3741 1061 3804 11
1098 3745 1128 3790 47
1148 3741 1227 3806 quae]
1242 3744 1363 3808 itemque

277 3819 329 3862 scr,
346 3807 475 3871 (itemque
487 3807 537 3858 hae
550 3807 675 3870 Huschke)
719 3807 730 3872 11
773 3811 804 3857 48
822 3822 917 3858 earum
929 3822 999 3873 quae
1011 3810 1039 3858 in
1052 3824 1161 3874 quoqne
1174 3812 1204 3861 M
1205 3848 1211 3870 ,
1225 3825 1322 3862 eorum
1336 3814 1364 3862 in

278 3885 395 3938 quorum
415 3877 449 3936 L,
467 3889 618 3939 earumque
636 3877 663 3926 in
682 3891 736 3940 quo
754 3878 797 3927 ool
815 3890 965 3942 eorumque
983 3879 1011 3943 iu
1029 3893 1139 3943 quoquo
1158 3881 1256 3930 codices
1274 3883 1364 3942 optimu·

278 3943 457 4009 chtsWirtp.
488 3943 499 4009 11
528 3949 557 3994 44
574 3944 667 4008 amita]
681 3947 802 3996 etamlta
813 3947 869 3996 Lea
881 3947 972 4010 Wietq.
1004 3947 1014 4010 ΙΙ
1035 3951 1076 3996 ι44
1090 3948 1244 4010 matertera]
1259 3953 1361 4000 etmat.

278 4012 334 4061 Lcae
349 4012 440 4076 Wistq.
482 4013 494 4076 11
535 4015 566 4062 44
585 4012 669 4063 irater
680 4015 736 4064 Loor
753 4015 921 4078 Wisip.,om.
938 4016 986 4065 ML
1028 4014 1039 4079 11
1081 4021 1114 4065 46
1132 4016 1186 4067 filia
1199 4018 1258 4077 ML,
1273 4017 1363 4069 filiaue

277 4081 334 4130 Lero
349 4080 440 4144 Wistp.
466 4081 478 4145 11
501 4081 682 4134 consobrinus
696 4117 703 4134 .
720 4119 727 4134 .
743 4120 750 4133 .
764 4087 796 4132 47
810 4081 865 4134 iilia
875 4088 935 4146 post
946 4087 978 4133 47
993 4085 1092 4136 amitae
1105 4085 1177 4136 lilius
1189 4085 1245 4136 filia
1257 4089 1364 4137 collocat

278 4148 404 4207 lloselrlte,
418 4149 452 4212 cf.
467 4148 494 4214 §5
507 4153 532 4200 t.
548 4154 562 4199 6
