3066 4826
298 379 373 430 aaut.
387 380 419 440 v,
434 382 500 428 7-o
678 359 763 424 ..4'
809 378 867 441 118
912 411 998 426 -.

298 566 426 649 quodsi
441 569 593 648 scriptum
609 565 706 630 luerit
717 567 925 630 instrumento
939 567 1121 648 promisisse
1135 565 1284 646 aliquem,
1302 583 1384 645 per-

298 652 374 716 inde
396 653 546 732 habetur,
580 661 676 733 atque
698 655 724 716 si
747 653 989 734 interrogatione
1012 650 1224 733 praecedente
1247 669 1383 732 respon-

247 738 281 799 2·
298 759 368 802 sum
389 740 440 800 sit.
486 738 539 800 *Si
561 735 622 800 sub
642 757 706 801 una
729 739 957 820 significatione
978 737 1115 802 diuersis
1137 735 1320 800 nominibus
1343 755 1379 798 ea

297 824 367 888 *res
389 843 470 906 quae
492 827 525 886 in
548 825 733 904 stipulatum
756 824 923 888 deducitur
944 825 1137 905 appellatur,
1163 842 1226 884 nou
1242 819 1381 884 irilirmat

245 904 280 974 2¹³
297 910 547 991 *obligationem
567 912 594 972 si
610 911 689 972 alter
703 911 802 972 altero
817 910 916 974 uerbo
931 919 1049 974 utatur.
1098 911 1148 989 Si,
1166 910 1223 990 qui
1237 909 1323 972 uiam
1339 907 1380 971 ad
1400 926 1417 971 5

297 994 451 1060 *fundum
473 1015 566 1059 suum
594 995 664 1059 dari
687 997 856 1077 stipulatus
877 997 991 1076 luerit,
1016 1004 1124 1078 postea
1145 994 1280 1058 fundum
1302 1013 1381 1076 par-

296 1082 420 1146 *temue
436 1083 505 1146 eius
521 1091 594 1144 ante
610 1084 809 1144 constitutam
824 1083 1012 1148 seruitutem
1026 1082 1223 1160 alienauerit,
1242 1091 1381 1142 euanes-

259 1167 277 1227 3
296 1167 359 1232 *cit
373 1166 567 1250 stipulatio*
609 1169 810 1231 Fructuarius
829 1188 942 1232 seruus
964 1170 991 1231 si
1013 1167 1092 1249 quid
1107 1188 1147 1230 ex
1162 1187 1198 1230 re
1213 1165 1379 1228 fructuarii

297 1263 352 1318 aut
366 1273 408 1316 ex
422 1256 528 1335 operis
543 1255 609 1316 suis
624 1254 781 1335 adquirit,
804 1253 845 1316 ad
859 1253 1066 1318 fructuarium
1084 1254 1235 1334 pertinet.
1282 1251 1381 1333 quid-

297 1339 377 1421 quid
398 1350 505 1402 autem
519 1339 648 1402 aliunde
663 1341 717 1404 uel
739 1359 828 1404 exre
849 1341 1052 1421 proprietarii
1067 1339 1225 1420 adquirit,
1250 1336 1380 1400 domino
1399 1355 1435 1401 ro

260 1427 277 1486 l
297 1428 501 1507 proprietatis
517 1425 668 1507 adquirit.
689 1427 692 1434 '
717 1426 796 1490 Cum
820 1425 899 1488 laeto
914 1427 1112 1506 promissoris
1127 1444 1178 1488 res
1194 1427 1227 1488 in
1243 1423 1381 1505 stipula-

297 1523 364 1574 tum
380 1511 517 1598 deducta
533 1511 703 1592 intercidit,
722 1511 857 1594 perinde
873 1513 923 1594 agi
940 1531 979 1575 ex
994 1513 1147 1593 stipulatu
1162 1519 1280 1592 potest,
1300 1511 1378 1572 acsi

297 1617 335 1660 ea
350 1617 402 1660 res
417 1607 557 1678 extaret:
577 1596 712 1678 ideoque
727 1599 898 1679 promissor
912 1600 1128 1662 aestimatione
1148 1599 1217 1660 eius
1231 1597 1377 1678 punitur,

295 1686 432 1746 maxime
448 1685 474 1748 si
491 1687 524 1746 in
540 1682 646 1747 dolum
662 1701 788 1765 quoque
804 1685 872 1746 eius
887 1693 1036 1766 concepta
1052 1685 1148 1746 luerit
1163 1683 1337 1764 stipulatio.

640 1838 704 1918 [rur
746 1857 784 1900 ns
806 1839 1028 1918 uovorrorruvs]
1400 1853 1435 1898 rs

381 1959 448 2020 Non
464 1958 564 2020 solum
579 1976 638 2039 per
659 1968 783 2020 uosmet
802 1960 888 2040 ipsos
902 1976 1056 2020 nouamus
1072 1957 1156 2038 quod
1170 1955 1262 2019 nobis
1278 1955 1381 2019 debe-

296 2054 364 2124 tur,
389 2042 447 2106 sed
466 2045 560 2106 etiam
574 2063 635 2124 per
650 2063 720 2123 eos,
745 2064 804 2124 per
819 2063 899 2124 quos
914 2045 1059 2125 stipulari
1081 2062 1264 2124 possumuS,
1288 2043 1381 2104 uelut

295 2149 355 2210 per
383 2129 479 2192 filiam
501 2127 635 2191 familias
656 2130 710 2192 uel
730 2149 788 2212 per
809 2149 938 2193 seruum
959 2129 1099 2193 iubendo
1120 2130 1173 2192 uel
1195 2139 1299 2190 ratum
1320 2128 1380 2189 ha-

295 2214 410 2277 bendo.
457 2224 639 2296 procurator
653 2233 781 2296 quoque
797 2225 906 2279 noster
926 2235 966 2279 ex
981 2217 1070 2279 iussu
1084 2224 1191 2278 nostro
1213 2225 1379 2296 receptum

296 2309 344 2363 est
357 2310 395 2364 ut
408 2320 525 2364 nouare
539 2303 649 2383 possit.
1383 2317 1434 2374 ¹ao

633 2457 673 2535 [rx
715 2475 753 2518 ur
776 2457 1039 2535 srrrvmrrouurs]

262 2574 272 2634 l
381 2573 578 2636 Substitutus
592 2575 686 2637 heres
705 2575 746 2638 ab
761 2575 914 2655 instituto,
934 2577 987 2656 qui
1004 2575 1064 2638 sub
1080 2574 1261 2638 condicione
1277 2575 1383 2654 scrip-

190 2659 193 2672 '
296 2668 347 2720 tus
363 2669 427 2739 est,
451 2661 574 2722 utiliter
589 2660 651 2723 sibi
666 2663 846 2724 institutum
867 2661 927 2723 hac
943 2663 1142 2744 stipulatione
1164 2680 1278 2724 cauere
1293 2679 1383 2721 com-

296 2746 399 2826 pellit,
424 2765 464 2807 ne
479 2748 577 2827 petita
591 2746 745 2810 bonorum
761 2749 959 2828 possessione
975 2767 1025 2810 res
1048 2746 1258 2823 hereditarias
1274 2743 1381 2808 demi·

295 2841 389 2894 uuat:
415 2831 473 2894 hoc
488 2833 572 2894 enim
589 2851 663 2896 casu
679 2853 720 2895 ex
735 2832 787 2896 die
810 2834 1013 2914 interpositae
1029 2834 1242 2915 stipulationis
1263 2830 1379 2915 duplos
1397 2847 1433 2894 ss

296 2916 418 2980 tructus
439 2928 601 2998 praestare
624 2920 835 3000 compellitur.
882 2919 976 2982 huius
998 2921 1081 2982 enim
1103 2917 1336 3000 praeiudicium
1360 2937 1378 2978 a

296 3006 457 3084 superiore
481 3004 603 3084 differt,
629 3024 691 3087 quo
713 3005 895 3086 quaeritur,
927 3024 966 3067 an
991 3025 1027 3068 ea
1050 3023 1102 3067 res
1125 3005 1165 3066 de
1188 3024 1250 3086 qua
1273 3005 1380 3084 agitur

295 3091 394 3152 maior
408 3091 449 3152 sit
471 3100 598 3154 centum
614 3093 787 3154 sestertiis:
813 3091 948 3171 ideoque
963 3093 996 3153 in
1011 3092 1183 3172 longiorem
1199 3090 1285 3153 diem
1302 3109 1381 3151 con-

258 3175 277 3238 2
295 3176 421 3256 cipitur.
468 3177 516 3237 Ex
537 3176 590 3239 die
611 3178 731 3258 accepti
754 3175 863 3238 iudicii
886 3177 976 3260 dupli
999 3177 1119 3240 fructus
1140 3185 1374 3257 computantur.

295 3270 327 3322 et
354 3270 418 3322 tam
447 3260 559 3324 dantes
586 3281 681 3344 quam
704 3263 910 3343 accipientes,
943 3263 1076 3326 heredes
1102 3277 1228 3343 quoque
1252 3281 1375 3339 eorum,
1397 3276 1431 3324 ao

294 3356 511 3426 procuratores
540 3350 799 3430 cognitorumque
832 3367 1002 3431 personae,
1038 3350 1178 3430 itemque
1207 3366 1378 3430 sponsores

296 3431 405 3494 eadem
425 3433 628 3515 stipulatione
649 3433 978 3516 comprehenduntur:
1004 3453 1270 3516 eorumquoque,
1296 3453 1379 3514 quo·

296 3551 347 3564 ’νυν

363 3608 388 3666 r,
404 3608 441 3654 aa
457 3601 488 3656 ab
500 3624 532 3650 =
545 3605 605 3670 92¹9.
619 3609 663 3668 ta,
677 3610 702 3666 ⁴,
718 3609 766 3656 tto

296 3701 1379 3728 mmmmmmwmmmwmm

366 3779 375 3824 l
397 3775 510 3840 perinde
523 3775 595 3838 dett,
611 3775 725 3841 proinde
738 3778 768 3837 t,
782 3779 829 3828 eut
841 3777 947 3828 indoli
974 3775 985 3840 ΙΙ
1014 3777 1205 3842 tadquiretl
1234 3776 1245 3842 11
1276 3783 1307 3827 lt
1327 3779 1380 3829 ad-

295 3845 378 3908 quirit
389 3845 461 3905 dett,
476 3845 602 3908 adquiret
614 3846 663 3895 Mt
692 3844 703 3908 ΙΙ
740 3849 766 3894 ll
783 3843 908 3910 adquiret
921 3845 982 3896 ΒΜ
1017 3845 1028 3908 ΙΙ
1066 3848 1095 3894 tl
1110 3847 1285 3911 conceptui,
1299 3851 1379 3910 gratu

295 3911 325 3964 Μ
357 3912 374 3974 ΙΙ1
404 3916 435 3964 to
455 3914 815 3973 nouaredatt.,nouaril{t
851 3914 861 3977 ΙΙ
896 3918 925 3964 tl
943 3914 977 3964 de
990 3915 1051 3979 stip.
1067 3916 1209 3980 praetoriis
1223 3914 1346 3966 Calamus
1369 3913 1379 3982 ΙΙ

294 3983 326 4030 28
347 3983 499 4046 concipitur
520 3981 656 4043 Calamus,
682 3984 801 4047 concipit
818 3983 860 4044 Μ,
887 3983 1049 4048 concepitl.
1096 3983 1107 4046 11
1154 3987 1185 4034 ao
1205 3984 1301 4035 dantes

296 4051 327 4097 32
340 4050 466 4114 quorum]
480 4051 570 4102 dantis
582 4063 663 4115 quam
675 4053 834 4116 accipientis
849 4053 1017 4116 (accipientis
1028 4051 1090 4116 Lat)
1107 4052 1230 4114 heredes,
1243 4067 1379 4118 procura·

294 4121 384 4168 torum
403 4133 510 4184 quoque
529 4132 623 4170 eorum
642 4133 721 4184 cogn.
736 4134 808 4185 pers.
823 4121 917 4172 eadem
936 4121 997 4186 stip.
1018 4134 1134 4186 compr„
1154 4122 1273 4186 itemque
1292 4135 1379 4188 spon·

294 4198 370 4236 sores
382 4200 487 4248 eorum,
500 4200 617 4250 quorum
630 4200 681 4238 scr.
