3066 4826
292 361 367 410 Paul.
381 359 414 420 V,
429 363 529 409 44-49
671 395 757 406 .-.
804 359 864 422 126
908 395 992 406 ...-

632 549 701 627 [xvu
744 567 782 608 nn
804 550 1035 627 incurrerimus]

206 669 220 728 4
240 667 275 752 (2)
379 668 449 728 Post
472 665 674 728 abolitionem
689 667 848 748 publicam
863 688 881 728 a
897 666 1036 730 delatore
1058 685 1115 729 suo
1130 687 1204 730 reus
1220 669 1304 729 intra
1320 671 1381 731 tri-

202 756 224 818 2
240 755 275 837 [3)
293 755 468 814 censimum
481 751 566 814 diem
579 753 681 832 repeti
692 763 804 833 potest,
824 763 932 834 postea
944 772 1006 815 non
1018 761 1132 834 potest.
1159 755 1289 816 Summa
1300 773 1379 834 sup-

177 845 184 862 ‘
291 838 386 919 plicia
401 849 475 900 sunt
490 857 569 900 crux
584 840 732 901 crematio
745 839 928 902 decollatio:
948 839 1156 902 mediocrium
1171 848 1278 901 autem
1295 841 1378 902 deli-

292 935 414 986 ctorum
431 943 560 1004 poenae
587 935 662 986 suut
690 925 851 986 metallum
877 925 972 988 ludus
1000 925 1192 1006 deportatio:
1226 927 1410 988 minimaec

292 1011 441 1090 relegatio
464 1011 593 1072 exilium
616 1030 695 1090 opus
716 1011 880 1091 publicum
904 1011 1041 1073 uincula.
1080 1030 1156 1073 saue
1180 1013 1236 1092 qui
1251 1012 1292 1074 ad
1308 1013 1378 1092 gla-

291 1095 380 1158 dium
396 1095 523 1174 dantur,
543 1097 625 1158 intra
641 1115 758 1159 anuum
776 1097 982 1160 consumendi
998 1105 1083 1158 suut.

637 1283 720 1366 [xvnr
763 1304 800 1346 nn
824 1285 1028 1366 inieromnvs]

254 1409 267 1468 4
376 1404 548 1466 Abactores
564 1413 653 1484 sunt,
672 1405 727 1484 qui
743 1424 843 1468 unum
858 1423 993 1485 equum,
1017 1404 1097 1474 duas
1113 1423 1211 1486 equas
1226 1405 1378 1467 totidem-

291 1509 354 1572 que
369 1489 469 1553 bones
490 1490 544 1553 uel
559 1509 669 1571 capras
692 1491 802 1552 decem
818 1500 871 1553 aut
891 1510 1002 1572 porcos
1026 1493 1169 1572 quinque
1195 1490 1376 1572 abegerint.
1397 1505 1429 1550 io

291 1576 452 1656 quidquid
467 1596 543 1638 uero
559 1579 642 1638 intra
656 1577 742 1639 hunc
757 1595 924 1639 numerum
941 1576 1037 1640 luerit
1050 1576 1206 1658 ablatum,
1225 1579 1258 1638 in
1274 1596 1378 1658 poena

292 1662 369 1726 furti
384 1682 447 1742 pro·
464 1664 615 1744 qualitate
631 1663 700 1725 eius
715 1672 770 1725 aut
786 1664 818 1724 in
842 1662 976 1744 duplum
991 1672 1046 1725 ant
1062 1665 1095 1724 iu
1111 1664 1242 1744 triplum
1257 1682 1378 1725 conue-

291 1750 392 1828 nitur,
412 1750 465 1812 uel
481 1748 618 1812 fustibus
633 1767 744 1811 caesus
760 1751 793 1810 in
809 1767 887 1830 opus
903 1749 1067 1830 publicum
1082 1751 1177 1811 nnius
1192 1752 1267 1812 anni
1283 1749 1379 1812 datur

251 1840 272 1901 2
290 1844 346 1896 aut
366 1833 426 1896 sub
441 1855 543 1915 poena
557 1835 757 1897 uinculorum
773 1835 898 1897 domino
915 1837 1109 1898 restituetur.
1155 1833 1304 1898 *Atroces
1319 1855 1379 1916 pe-

290 1919 418 1983 *torum
438 1921 601 1982 abactores
626 1921 814 2002 plerumque
841 1921 883 1982 ad
905 1921 1044 2001 gladium
1068 1921 1121 1982 uel
1143 1923 1175 1982 in
1198 1921 1373 2000 metallum,
1396 1934 1429 1980 is

291 2006 549 2087 *nonnumquam
564 2017 669 2068 autem
684 2009 718 2068 in
734 2027 813 2088 opus
827 2007 990 2087 publicum
1006 2007 1147 2069 dantum
1180 2017 1303 2068 atroces
1318 2027 1377 2070 au·

290 2092 372 2155 *tem
392 2103 482 2172 sunt,
509 2094 564 2174 qui
577 2111 674 2172 equos
689 2103 721 2155 et
735 2112 848 2174 greges
864 2095 972 2156 ouium
986 2092 1026 2156 de
1041 2093 1164 2154 stabulo
1179 2093 1287 2155 uelde
1302 2111 1379 2174 pas-

290 2177 377 2239 *euis
396 2179 542 2259 abigunt,
566 2180 619 2240 uel
638 2181 665 2240 si
687 2178 721 2240 id
736 2181 863 2260 saepius
878 2189 932 2242 aut
944 2178 1030 2260 ferro
1047 2179 1199 2241 conducta
1216 2199 1314 2241 mann
1329 2180 1378 2240 ia-

252 2267 272 2326 3
290 2263 427 2326 *ciunt*
471 2265 504 2326 Si
521 2284 556 2326 ea
571 2283 701 2344 peoora,
725 2264 898 2346 dequibus
920 2267 993 2345 quis
1008 2265 1127 2344 litigat,
1152 2265 1311 2346 abegerit,
1336 2264 1378 2326 ad

293 2350 396 2412 iorum
419 2350 628 2412 remittendus
650 2362 698 2412 est
712 2361 807 2431 atque
831 2353 873 2412 ita
888 2353 1052 2414 conuictus
1068 2353 1101 2412 in
1124 2350 1257 2432 duplum
1272 2352 1327 2414 uel
1342 2353 1376 2412 in
1394 2363 1429 2409 ao

254 2436 424 2515 tenplum
446 2435 525 2498 iuris
546 2455 632 2498 more
653 2436 831 2499 damnatur.
878 2437 957 2510 *Qui
977 2437 1093 2498 bouem
1109 2438 1161 2498 uel
1184 2455 1303 2517 equum
1324 2457 1377 2499 er-

290 2521 434 2582 *rantem
461 2521 586 2602 quodue
614 2523 701 2584 aliud
729 2541 826 2603 pecus
847 2523 1032 2602 abduxerit,
1063 2523 1163 2585 iurem
1183 2525 1286 2603 magis
1304 2541 1378 2586 eum

291 2607 405 2687 *quam
420 2607 598 2670 abactorem
614 2609 760 2671 constitui
776 2608 926 2689 placuit*

664 2799 722 2877 [xix
764 2816 802 2857 nn
826 2797 1002 2879 sicnrnncrs]

379 2917 439 2990 Qui
461 2925 555 2978 noctu
577 2935 671 2978 manu
694 2916 774 2978 laeta
788 2915 964 2997 praedandi
987 2937 1023 2978 ae
1042 2915 1254 2998 depopulandi
1277 2917 1380 2996 gratia
1396 2930 1432 2976 as

292 3003 444 3082 templum
473 3003 676 3083 inrumpunt,
708 3001 818 3064 bestiis
840 3002 1036 3064 obiciuntur:
1063 3004 1090 3064 si
1113 3022 1190 3065 uero
1211 3022 1269 3083 per
1291 3001 1379 3064 diem

292 3089 362 3150 leue
377 3089 498 3169 aliquid
519 3088 559 3149 de
574 3089 690 3170 templo
706 3088 910 3168 abstulerint,
929 3090 981 3150 uel
996 3088 1202 3170 deportantur
1218 3089 1379 3150 honestio-

291 3194 342 3237 res
358 3175 411 3236 uel
426 3175 610 3236 humiliores
624 3176 656 3236 in
672 3175 832 3237 metallum
849 3174 1051 3237 damnantur.

1186 3343 1369 3360 ΛΛΛΛΛΛΜᾺΝ

363 3413 685 3490 io,i=coooiitu,a
728 3431 739 3495 ιι
784 3431 1108 3492 io,s=couaoou‚a
1158 3431 1170 3494 u
1218 3433 1376 3492 ie,a.i=

294 3498 403 3550 volutio
416 3504 457 3560 44,
472 3503 496 3549 4.
511 3503 525 3549 5
1093 3525 1094 3528 =

295 3637 346 3650 'VW

363 3743 377 3788 2
396 3741 518 3790 editiones
529 3741 557 3790 io
567 3739 653 3802 [rocta
665 3741 732 3791 tituli
746 3745 775 3790 47
789 3743 846 3791 uico
858 3738 870 3804 4
884 3744 893 3788 4
917 3754 952 3790 eoo
965 3740 1083 3810 Epitomo
1093 3739 1237 3803 lepidiora
1248 3739 1294 3789 too
1305 3741 1377 3803 pios-

291 3821 366 3858 semo
383 3809 497 3858 adduct:
516 3807 627 3859 abolitio
646 3811 687 3860 est
704 3809 803 3860 deletio
822 3809 926 3860 obliuio
943 3809 989 3859 uel
1007 3809 1134 3858 extinctio
1154 3809 1339 3858 accusationis
1366 3803 1377 3872 ΙΙ

294 3880 392 3927 tsunt
404 3877 433 3936 L,
447 3878 499 3928 hae
512 3877 618 3927 suntM
656 3877 667 3942 Η
709 3878 945 3942 8abigeatoribus
960 3878 1022 3929 Coit.
1039 3881 1109 3936 44,4
1151 3876 1163 3940 11
1205 3877 1316 3940 iduas]
1331 3877 1376 3926 uel

293 3945 361 3996 duas
377 3945 438 3995 Coti.
470 3945 481 4010 ΙΙ
512 3946 749 3997 incommodi.
781 3945 792 4010 ΙΙ
824 3951 850 3996 44
868 3948 895 3997 in
907 3959 996 4012 poena
1014 3945 1157 4010 Wisigotlo',
1172 3947 1284 4009 inponat
1300 3945 1374 4004 coit,

293 4014 322 4062 in
334 4027 449 4078 poenam
467 4014 587 4066 Cuiocius
625 4015 635 4078 ΙΙ
675 4019 705 4064 it
724 4015 778 4079 uel]
793 4017 840 4066 aut
854 4015 917 4066 Coti.
956 4015 967 4079 14
1009 4018 1039 4063 48
1059 4013 1139 4078 ferro]
1154 4011 1254 4064 aierro
1267 4015 1374 4074 codices,

294 4081 365 4132 ferro
378 4085 425 4132 aut
438 4083 521 4132 Fater
549 4083 560 4146 ΙΙ
591 4088 621 4132 49
640 4084 884 4148 lingonensibus
899 4085 995 4146 coum,
1009 4083 1155 4146 litigauerit
1170 4082 1250 4134 Cotti
