3066 4826
547 369 633 385 ...-
677 340 716 402 89
761 373 847 386 ...-
1072 341 1145 392 Paul.
1161 341 1237 402 lll,o

91 527 131 586 33
152 527 239 588 mino
262 529 464 607 proprietatis
481 547 552 589 eum
575 527 765 590 fructuarius
781 529 814 588 in
831 531 900 589 iure
923 529 1066 590 cesserit.
1114 529 1238 590 Finitur

150 610 354 674 ususfructus
370 623 423 674 aut
437 623 538 674 morte
561 623 615 676 aut
629 623 787 694 tempore:
813 623 928 692 morte,
947 633 1019 676 cum
1035 613 1238 676 usufructua-

152 699 222 761 rius
237 701 382 760 moritur:
409 709 560 779 tempore,
578 700 726 780 quotiens
740 700 780 761 ad
795 709 916 762 certum
932 709 1056 780 tempus
1072 699 1236 763 ususfruc-

92 784 131 843 34
151 796 205 845 tus
228 785 362 864 legatur,
388 785 477 847 uelut
500 784 629 846 biennio
650 795 705 847 aut
731 787 881 846 tmannio.
928 785 1037 847 Fundo
1059 787 1113 848 uel
1142 805 1235 848 seruo

150 871 255 950 legato
269 879 333 930 tam
350 869 440 932 fundi
457 872 699 934 instrumentum
717 891 811 952 quam
823 873 910 933 serui
925 873 1083 952 peculium
1095 871 1136 934 ad
1151 872 1237 952 lega·
1256 887 1270 932 5

91 955 132 1015 35
151 957 269 1018 tarium
284 958 434 1036 pertinet.
474 957 734 1030 Quaerendorum
750 957 910 1020 fructuum
927 976 1018 1019 causa
1035 977 1105 1019 esse
1121 957 1237 1019 uideu—

151 1053 223 1119 tur,
248 1045 304 1122 qui
331 1061 410 1122 opus
437 1044 589 1104 rusticum
615 1043 751 1118 faciunt,
781 1053 813 1105 et
839 1045 1008 1105 monitores
1035 1054 1065 1104 et
1091 1044 1178 1105 uilici
1206 1055 1236 1104 et

151 1128 311 1188 saltuarii:
338 1129 415 1190 item
437 1129 536 1190 boues
551 1130 696 1207 aratorii,
714 1139 835 1205 aratra,
858 1128 1005 1191 bidentes
1020 1139 1051 1191 et
1066 1129 1160 1191 falces
1175 1148 1238 1209 pu-

91 1213 132 1272 36
153 1215 303 1274 tatoriae:
322 1213 516 1276 frumentum
532 1233 658 1295 quoque
674 1215 714 1276 ad
729 1225 903 1276 sementem
920 1217 1103 1295 repositum.
1141 1217 1237 1276 Fruc-

152 1309 245 1360 tuum
260 1299 470 1380 cogendorum
483 1319 576 1363 causa
590 1311 765 1381 comparata
777 1303 986 1363 instrumento
1002 1300 1128 1380 cedunt,
1147 1302 1237 1363 uelut
1257 1316 1287 1360 to

151 1384 283 1463 corbes,
302 1386 396 1461 aluei,
417 1386 511 1447 falces
525 1389 696 1448 messoriae
711 1397 743 1448 et
756 1387 911 1462 fenarias,
931 1389 1007 1448 item
1023 1387 1122 1448 molae
1137 1387 1238 1448 oliua-

90 1469 132 1530 37
154 1473 231 1532 riae.
281 1471 575 1534 Conseruandorum
606 1471 764 1534 fructuum
791 1491 883 1534 causa
914 1482 1091 1554 comparata
1117 1473 1238 1535 instru—

152 1566 260 1617 mento
276 1556 409 1632 cedunt,
429 1559 518 1620 uelut
533 1557 631 1636 dolia,
651 1577 766 1639 cupae,
785 1559 931 1620 uehicula
949 1560 1082 1635 rustica,
1106 1555 1233 1637 cibaria,

151 1643 305 1721 pistores,
324 1645 420 1720 asini,
441 1643 591 1706 focariae:
618 1646 693 1705 item
714 1645 845 1707 ancillae
867 1663 948 1724 quae
971 1645 1161 1707 uestimenta
1182 1663 1238 1707 ru·

89 1727 133 1786 38
151 1730 242 1790 sticis
257 1729 387 1807 faciunt,
405 1739 509 1793 scutra
527 1749 651 1810 quoquo
668 1741 700 1792 et
715 1740 801 1792 sutor
816 1729 1072 1792 continebuntur.
1119 1732 1238 1792 onres
1257 1745 1287 1790 ta

152 1833 263 1876 eorum
279 1811 335 1895 qui
351 1827 522 1896 operantur
532 1819 631 1897 magis
643 1826 691 1877 est
705 1826 741 1878 ut
756 1817 966 1878 instrumento
977 1816 1102 1877 cedant.
1127 1835 1237 1896 pecora

151 1919 281 1980 quoque
304 1910 335 1962 et
357 1911 499 1980 pastores
522 1921 630 1964 eorum
654 1901 847 1963 stercorandi
870 1921 963 1964 causa
987 1912 1094 1982 parata
1119 1903 1239 1964 instru-

89 1984 132 2043 39
151 1995 260 2047 mento
282 1989 496 2049 continentur.
544 1971 588 2050 Ea
603 1985 732 2065 autem,
751 2007 832 2068 quae
849 1987 1009 2049 custodiae
1030 1990 1130 2067 magis
1145 2006 1238 2049 causa

151 2071 237 2151 quod
259 2071 301 2133 ad
316 2091 393 2134 usus
408 2075 508 2153 patris
530 2071 664 2136 familias
679 2093 715 2134 eo
731 2073 833 2135 delata
850 2083 939 2150 sunt,
959 2075 1163 2136 instrumenti
1180 2093 1238 2134 no·

91 2157 131 2215 40
152 2159 238 2220 mine
262 2177 325 2219 uon
347 2159 559 2222 continentur.
607 2161 724 2221 onres
745 2179 821 2222 uero
844 2179 969 2238 eorum,
996 2161 1051 2239 qui
1073 2160 1237 2221 mercedes
1256 2175 1287 2219 so

150 2253 316 2322 praestare
339 2255 587 2323 consueuerant,
620 2263 725 2324 neque
748 2247 965 2308 instructionis
988 2264 1094 2326 neque
1118 2247 1237 2306 instru-

91 2327 127 2388 44
152 2331 252 2391 menti
275 2330 484 2409 appellatione
513 2332 727 2393 continentur.
780 2333 956 2394 Piscaturae
985 2332 1037 2394 uel
1060 2333 1237 2394 uenationis

152 2417 400 2477 instrumentum
416 2418 456 2478 ita
472 2418 600 2479 demum
616 2419 827 2480 instrumento
843 2417 932 2480 fundi
949 2419 1138 2495 continetur,
1155 2420 1182 2480 si
1198 2438 1237 2478 ex

91 2501 131 2562 42
152 2502 202 2564 his
218 2503 355 2562 maxime
373 2501 462 2565 fundi
478 2502 601 2565 reditus
617 2514 780 2584 cogantur.
816 2506 947 2566 Fructus
962 2505 1103 2584 percepti
1118 2506 1238 2566 instru-

151 2597 260 2650 mento
276 2586 366 2649 fundi
383 2590 425 2650 ita
441 2588 569 2651 demum
585 2587 718 2667 cedunt,
737 2591 764 2650 si
781 2589 899 2652 ibidem
915 2590 1039 2651 absumi
1055 2609 1073 2650 a
1087 2599 1236 2652 testatore
1255 2604 1287 2649 25

91 2673 130 2732 43
151 2684 394 2736 consueuerant.
442 2675 550 2736 Fundo
573 2677 744 2736 cumomni
768 2677 978 2738 instrumento
994 2677 1111 2738 rustico
1133 2686 1166 2738 et
1180 2695 1237 2738 ur-

150 2757 234 2821 bano
251 2769 283 2820 et
305 2761 469 2840 mancipiis
490 2779 572 2841 quae
588 2761 632 2822 ibi
649 2771 722 2823 sunt
745 2763 845 2841 legato
860 2763 981 2824 semina
1001 2779 1128 2841 quoque
1145 2770 1176 2822 et
1191 2763 1236 2822 ci-

91 2846 129 2904 44
150 2845 242 2906 baria
258 2843 473 2908 debebantur.
520 2847 627 2908 Funde
649 2848 821 2908 cumomni
843 2849 1053 2909 instrumento
1072 2848 1190 2908 rustico
1206 2858 1237 2908 et

150 2930 274 2992 urbano
290 2941 322 2992 et
337 2933 504 3013 mancipiis
519 2951 601 3013 quae
623 2932 668 2994 ibi
684 2943 759 2995 sunt
774 2934 875 3014 legato
890 2943 953 2994 tam
973 2933 1118 3012 supellex
1140 2950 1236 3012 quam

150 3028 370 3078 aeramentum
387 3020 527 3098 itemque
543 3029 711 3099 argentum
732 3030 763 3080 et
777 3029 900 3097 uestett,
926 3037 1006 3098 quae
1022 3017 1067 3078 ibi
1083 3028 1174 3100 pater
1188 3017 1235 3080 fa-
1255 3031 1286 3075 ao

153 3103 257 3164 milias
272 3103 451 3166 instruendi
474 3106 572 3185 gratia
595 3104 714 3166 habere
730 3106 827 3183 solet,
853 3104 1073 3166 debebuntur:
1100 3105 1176 3164 item
1199 3124 1235 3165 aa

150 3189 318 3267 mancipia,
337 3208 418 3269 quae
434 3192 506 3252 usui
522 3192 621 3270 patris
636 3191 771 3252 familias
786 3209 855 3252 essa
870 3192 986 3269 solent,
1006 3191 1145 3269 itemque
1160 3209 1237 3252 aues

150 3284 182 3335 et
195 3293 320 3354 pecora,
339 3295 421 3354 quae
433 3275 692 3338 instmendarum
704 3277 869 3356 epularum
882 3278 981 3357 gratia
997 3277 1029 3335 iu
1042 3274 1139 3338 fundo
1151 3295 1236 3337 com-

151 3369 263 3440 parata
280 3371 370 3422 sunt:
396 3363 536 3442 exceptis
551 3363 610 3438 his,
637 3380 719 3442 quac
736 3362 780 3424 ibi
802 3361 963 3424 custodiae
985 3380 1078 3424 causa
1093 3361 1234 3440 deposita

91 3445 130 3504 45
151 3455 239 3508 suut.
286 3446 393 3508 Fundo
409 3449 510 3527 legato
531 3467 577 3509 rra
595 3468 629 3508 vr
645 3467 770 3510 orrruvs
786 3467 966 3520 nixrnrsovr
982 3467 1032 3508 rsr
1049 3449 1128 3508 retia
1143 3467 1236 3528 apra·
1254 3458 1286 3503 35

151 3533 200 3592 ria
216 3541 248 3592 et
264 3541 370 3594 cetera
384 3535 562 3595 uenationis
578 3535 786 3596 instrumenta
802 3534 1063 3596 continebuntur:
1090 3551 1172 3613 quae
1188 3543 1236 3593 et-

151 3618 215 3680 iam
230 3616 271 3679 ad
288 3619 530 3681 instrumentum
544 3620 715 3700 pertinent,
733 3621 760 3681 si
775 3630 924 3700 quaestus
938 3619 1029 3681 fundi
1045 3638 1085 3680 ex
1100 3620 1236 3680 maxima

152 3804 468 3818 Nntsmvvammvvuvwr(
480 3806 587 3818 rwflrxxxn
605 3807 659 3818 lawa
671 3808 692 3818 (v
702 3805 763 3817 amm
773 3807 844 3818 wvxnx
854 3807 949 3818 ννυυυη
958 3809 971 3816 ιι
982 3807 986 3814 ι
997 3807 1002 3814 r
1014 3806 1020 3816 ι
1034 3806 1084 3818 mun
1103 3806 1113 3815 Α
1124 3805 1163 3818 ψΑ
1174 3805 1228 3816 ν’Λᾶ

223 3944 311 3992 utam
330 3943 405 3993 fundi
428 3941 551 4004 (fundum
571 3944 598 4004 4)
620 3945 831 3992 instrumentum
852 3942 903 4001 l·to
923 3941 979 4003 4444
1000 3943 1092 4006 quam]
1117 3949 1235 4004 expectes

152 4010 235 4062 nect.
251 4013 269 4061 i.
284 4025 344 4073 nec,
359 4013 391 4075 cs.
408 4013 466 4075 4449.
483 4016 524 4072 ³³,
540 4013 565 4071 t,
580 4013 622 4060 at.
644 4013 789 4070 aa‚to‚tt
819 4011 830 4072 14
862 4015 892 4060 45
911 4015 1002 4060 scutra
1016 4013 1045 4072 L,
1059 4012 1199 4062 scodrafd
1226 4011 1236 4077 ΙΙ

153 4084 185 4128 444
198 4079 282 4143 quod]
296 4095 401 4144 quaeue
413 4093 477 4140 scr„
490 4081 522 4142 cf.
539 4081 597 4144 Dtp.
611 4084 653 4140 34,
667 4083 691 4140 7,
708 4083 748 4140 lt,
766 4084 796 4129 45
820 4080 831 4142 ll
856 4083 886 4128 22
900 4081 1035 4144 piscatore
1048 4082 1077 4140 4,
1091 4081 1236 4146 piscatoris

152 4150 182 4198 tt
210 4148 221 4212 ΙΙ
251 4153 282 4198 ³2
302 4151 420 4214 itemque
433 4150 468 4208 44,
485 4149 582 4200 itcmt
