3066 4826
284 362 322 412 De
335 361 464 425 gradibus
665 395 751 408 ...-
797 361 857 423 166
903 395 984 406 ....

571 615 797 680 TRAGTATVS
820 618 872 679 DE
895 615 1086 680 GRADIBVS
1119 662 1121 665 ψ

416 762 520 816 Incerti
542 763 669 818 auctoris
691 764 829 817 tractatus
851 759 887 816 de
910 757 1047 830 gradibus
1069 761 1119 829 qui
1141 762 1274 830 sequitur
1295 762 1325 814 in

330 845 479 904 codicibus
506 847 628 903 Notitiae
657 846 826 918 dignitatum
854 847 1006 916 utriusque
1033 845 1147 915 imperii
1174 845 1243 901 huic
1271 848 1325 919 ipsi

330 934 453 989 Notitiae
469 935 645 1004 praemissus
661 933 775 1004 legitur.
806 933 918 1002 primus
934 947 1001 987 eum
1015 931 1168 988 Eduardus
1183 932 1325 1003 Boecking

331 1035 347 1074 e
367 1017 520 1076 codicibus
541 1019 693 1074 Parisiensi
717 1021 793 1076 0661
822 1033 899 1074 saec.
919 1017 970 1073 XV
992 1024 1021 1073 et
1042 1019 1205 1074 Monacensi
1223 1021 1318 1077 rotat

331 1121 409 1163 saec.
435 1106 498 1162 XVI
527 1104 616 1160 edidit
650 1097 770 1180 (leiani
796 1103 953 1174 fragmenta
976 1103 1023 1160 ed.
1049 1105 1084 1160 lv
1106 1103 1218 1174 Lipsiae
1244 1109 1324 1162 ⁴855

331 1207 360 1262 p.
391 1195 466 1261 tat,
500 1191 539 1246 ci.
565 1191 676 1260 Corpus
698 1189 771 1246 Iuris
793 1190 912 1247 Romani
933 1188 1153 1246 Anteiustiniani
1176 1191 1326 1247 Bonnense

330 1277 390 1334 uol.
410 1277 464 1348 ip.
488 1269 573 1353 rto).
612 1278 675 1347 ipse
697 1277 754 1333 hoc
776 1292 850 1333 anno
866 1275 997 1332 Monachi
1019 1281 1078 1331 tam
1099 1276 1178 1333 huno
1196 1276 1327 1334 codicem

332 1379 418 1434 quam
433 1363 633 1419 Monacensem
650 1366 710 1420 tat
726 1377 803 1419 saec.
818 1363 881 1418 XVI
896 1363 1015 1418 contuli.

728 1565 765 1607 DE
788 1565 928 1608 GRADIBVS

254 1667 265 1724 i
376 1664 500 1728 Gradus
520 1665 741 1745 cognationum
764 1666 966 1747 appellantur
983 1665 1023 1727 ab
1039 1684 1093 1744 eo,
1116 1666 1202 1746 quod
1216 1679 1371 1746 personae

291 1761 493 1832 cognatorum
513 1751 592 1813 aliae
613 1752 822 1832 proximiora,
853 1751 933 1814 aliae
960 1752 1100 1832 longiore
1123 1750 1224 1832 gradu
1245 1762 1320 1814 sunt
1341 1763 1373 1814 et

253 1838 330 1900 “iob
353 1837 387 1900 id
409 1839 500 1918 quasi
523 1836 678 1918 gradatim
699 1838 796 1900 altera
812 1838 944 1899 alteram
959 1836 1128 1900 antecedit.
1164 1838 1282 1899 Omnes
1297 1857 1373 1918 per-

290 1943 385 1986 sonae
411 1932 612 2004 cognatorum
640 1933 694 1984 aut
721 1942 817 2004 snpra
846 1933 1053 1986 numerantur
1078 1932 1131 1984 ant
1152 1923 1236 1985 inira
1258 1936 1311 1986 aut
1333 1944 1374 1986 ex

290 2020 473 2073 transuerso
489 2011 558 2072 siue
574 2027 591 2070 a
607 2009 718 2070 latere.
758 2028 856 2090 supra
877 2018 1087 2071 numerantur
1100 2019 1266 2090 parentes,
1292 2010 1373 2072 inira
1393 2022 1408 2068 s

291 2096 394 2176 liberi,
417 2115 457 2158 ex
470 2105 653 2157 transuerso
669 2096 737 2156 siue
752 2113 770 2155 a
785 2095 884 2156 latere
901 2094 1013 2157 iratres
1030 2105 1060 2156 et
1075 2114 1198 2158 sorores
1212 2094 1373 2176 liberique

292 2201 416 2260 eorum,
442 2183 519 2242 item
541 2181 720 2262 parentium
743 2179 855 2242 iratres
879 2190 911 2242 et
933 2200 1055 2244 sorores
1077 2181 1234 2263 liberique
1251 2201 1369 2244 eorum.

210 2269 228 2328 3
256 2269 272 2327 i
293 2269 395 2329 Primo
416 2266 517 2348 gradu
538 2285 634 2346 snpra
656 2275 748 2346 pater
764 2276 796 2327 et
812 2275 929 2346 mater,
955 2266 1037 2328 inira
1053 2268 1137 2329 iilius
1152 2278 1183 2330 ct
1199 2268 1273 2330 iiiia.
1313 2268 1374 2329 Se-

293 2353 397 2415 cundo
418 2371 515 2434 supra
536 2371 615 2414 auus
638 2353 725 2431 auia,
754 2351 836 2414 inira
861 2371 959 2431 nepos
981 2355 1104 2434 neptis,
1130 2373 1171 2414 ex
1191 2363 1374 2416 transuerso

255 2440 273 2499 5
293 2439 392 2500 irater
407 2448 438 2501 et
453 2457 556 2500 soror:
575 2438 649 2500 hino
664 2440 748 2503 onim
764 2448 969 2500 transuersus
985 2439 1096 2520 incipit
1111 2439 1240 2518 gradus
1271 2441 1374 2502 Tertio
1395 2453 1428 2497 4ο

293 2543 390 2606 supra
404 2543 542 2606 proauus
557 2526 703 2605 proauia,
729 2524 810 2587 inira
831 2543 987 2606 pronepos
1008 2527 1188 2607 proneptis:
1215 2545 1255 2587 ex
1269 2535 1376 2588 trans-

292 2631 385 2674 uerso
408 2609 515 2674 fratris
535 2620 566 2672 et
586 2611 700 2672 sororis
722 2611 805 2672 iilius
826 2620 857 2673 et
878 2611 958 2690 filia,
982 2620 1114 2692 patruus
1135 2612 1248 2691 amita,
1274 2612 1375 2674 idest

292 2699 392 2779 patris
408 2697 507 2759 irater
522 2706 553 2760 ct
568 2715 665 2774 soror,
685 2697 862 2759 auunculus
876 2704 1051 2776 matertera,
1073 2696 1107 2758 id
1123 2705 1171 2759 est
1186 2698 1295 2760 matris
1310 2696 1377 2758 ira-

256 2786 274 2844 6
292 2794 342 2846 ter
357 2793 389 2846 et
403 2803 501 2846 soror.
526 2784 642 2856 Quarto
663 2801 757 2863 supra
773 2782 894 2845 abauus
909 2782 1039 2862 abania,
1066 2783 1148 2844 inira
1162 2783 1303 2865 abnepos
1318 2782 1376 2844 ab·

293 2871 414 2950 neptis:
440 2889 481 2931 ex
502 2878 684 2931 transuerso
703 2868 808 2930 fratris
832 2879 863 2931 et
878 2871 993 2931 sororis
1008 2888 1107 2950 nepos
1123 2878 1155 2930 et
1170 2871 1292 2951 neptis:
1318 2889 1376 2950 pa·
1396 2881 1428 2926 45

292 2966 385 3018 truus
406 2974 539 3036 magnus
562 2965 593 3016 et
614 2956 708 3017 amita
734 2974 861 3036 magna,
894 2955 928 3018 id
950 2965 997 3017 est
1015 2956 1068 3019 aui
1092 2955 1189 3018 frater
1212 2966 1244 3016 et
1268 2975 1372 3018 soror:

294 3042 473 3104 auunculus
496 3052 629 3122 magnus
650 3050 820 3103 matertera
842 3060 970 3121 magna,
996 3040 1030 3102 id
1053 3051 1101 3104 est
1120 3043 1210 3104 auiae
1230 3041 1330 3104 irater
1346 3051 1378 3102 et

294 3147 399 3189 soror:
425 3126 633 3188 consobrinus
655 3125 856 3205 consobrina,
884 3127 917 3188 id
940 3128 1059 3206 estqui
1075 3145 1199 3208 quaeue
1215 3127 1378 3190 exiratri-

294 3214 356 3276 bus
371 3221 425 3274 aut
439 3211 600 3274 sororibus
616 3222 670 3274 ant
686 3211 781 3274 iratre
798 3223 829 3274 et
844 3232 950 3274 sorore
965 3223 1228 3294 progenerantur.
1273 3215 1378 3276 scien-

295 3299 372 3362 dum
387 3309 493 3361 tamen
508 3299 637 3380 proprie
654 3298 856 3361 consobrinos
871 3299 1024 3380 appellari
1039 3318 1103 3378 eos,
1125 3299 1181 3378 qui
1197 3319 1237 3362 ex
1253 3299 1377 3362 duabus
1396 3309 1428 3353 2⁰

295 3385 455 3450 sororibus
476 3385 543 3446 nati
564 3394 653 3462 sunt,
679 3385 768 3464 quasi
791 3385 1024 3464 consororinoS,
1051 3404 1103 3446 eos
1118 3394 1241 3464 autem,
1265 3387 1320 3464 qui
1337 3405 1377 3447 ex

295 3471 420 3534 duobus
436 3469 588 3532 iratribus
603 3473 759 3551 procreati
774 3482 859 3550 sunt,
877 3470 990 3532 iratres
1001 3471 1164 3552 patrueles
1178 3473 1302 3551 uocari,
1324 3491 1378 3532 eos

294 3577 390 3640 uero,
415 3557 471 3639 qui
493 3575 532 3618 ex
552 3556 650 3618 iratre
673 3566 704 3618 et
719 3575 826 3618 sorore
843 3566 1029 3634 nascuntur,
1053 3557 1198 3620 amitinos
1214 3556 1287 3618 dici.
1320 3559 1378 3618 hoc

298 3763 347 3776 W.

366 3903 542 3964 tparentum
554 3900 655 3950 Monac.
672 3902 750 3948 40994
783 3899 795 3963 11
826 3903 856 3948 ta
875 3899 1121 3964 patruusetamita
1133 3885 1232 3951 Parias
1254 3898 1265 3962 11
1302 3903 1332 3948 49
1353 3902 1380 3949 et

297 3981 347 4017 om.
362 3969 464 4019 Monac.
478 3971 556 4018 40994
584 3968 596 4032 11
619 3970 761 4018 matertera
774 3981 872 4031 magna
885 3967 912 4018 id
926 3972 965 4018 est
977 3969 1076 4018 codices
1104 3967 1114 4030 11
1146 3971 1175 4016 tt
1190 3968 1381 4018 abauuneulus

296 4039 394 4087 codices
434 4036 445 4100 11
488 4040 519 4086 te
538 4039 701 4101 generantur
713 4038 815 4088 Monac.
830 4038 878 4086 tot
920 4037 931 4098 11
973 4039 1005 4087 ii
1023 4035 1153 4087 iratribus
1167 4038 1303 4101 procreati
1316 4041 1381 4087 sunt

304 4107 486 4166 bometti,
516 4107 652 4170 procreati
675 4104 804 4156 iratribus
828 4107 891 4155 sunt
914 4107 1017 4166 Parta,
1050 4103 1178 4156 iratribus
1200 4109 1382 4170 procreantur

317 4176 400 4224 tocco.
417 4178 495 4224 40994
529 4174 541 4238 11
569 4173 665 4225 iratres
676 4177 703 4225 et
714 4176 783 4239 patr.
798 4176 896 4224 codices
925 4174 936 4238 11
965 4178 996 4224 93
1018 4178 1165 4231 nascantur
1179 4177 1296 4225 codices·
