3066 4826
264 363 326 428 le.
340 364 403 413 inst.
644 395 730 408 ..-
776 362 835 424 158
880 395 964 408 ..-..

308 554 404 625 nibus,
431 571 507 626 quae
530 555 656 624 uulgaris
677 555 810 611 codicum
824 556 1017 625 antiquiorum
1033 554 1124 610 forma
1140 561 1193 622 est,
1220 569 1304 612 com-

308 643 433 712 positum
449 641 535 698 luisse
551 642 674 696 sumitur
688 646 716 696 et
732 641 816 696 simul
831 641 893 697 eius
909 642 950 696 rei
966 641 1037 696 ratio
1053 638 1192 709 babetur,
1223 641 1301 711 quod

309 727 506 797 quaternionis
520 728 631 796 signum
647 727 676 781 ln
690 725 868 798 marginibus
882 725 986 782 infimis
1001 726 1110 782 nullum
1125 732 1211 794 extat,
1232 727 1303 781 baec

309 814 369 870 duo
391 813 456 868 lolia
479 812 546 869 olim
568 812 726 868 secundum
749 817 799 868 aut
820 813 937 868 tertium
959 814 1155 883 quaternionis
1170 812 1303 869 loliorum

309 915 363 969 par
385 899 514 955 effecisse
537 906 566 954 et
587 901 662 954 inter
677 914 711 953 ea
725 904 774 953 aut
790 898 825 952 iv
840 903 889 954 aut
904 898 928 952 lI
943 897 1007 954 lolia
1024 899 1220 954 intercessisse
1235 901 1303 953 selle

216 1036 223 1041 .
310 983 499 1056 probabiliter
513 985 664 1040 conicitur.
699 989 850 1056 praeterea
864 985 990 1054 singulas
1004 985 1120 1056 paginas
1136 984 1196 1040 iere
1212 985 1304 1039 XXIV
1320 995 1322 998 ·

310 1071 346 1127 ad
369 1070 486 1126 XXVIII
508 1085 611 1126 uersus
633 1069 796 1139 complexas
819 1085 882 1125 esse
905 1086 940 1126 ex
962 1067 1069 1126 ambitu
1094 1086 1232 1126 uersuum
1254 1073 1304 1140 qui

310 1163 406 1213 extant
420 1156 513 1227 colligi
528 1162 633 1226 potest.

397 1243 472 1298 llaec
495 1250 590 1298 autem
605 1241 762 1311 fragmenta
778 1241 1006 1299 Institutionibns
1020 1241 1130 1311 leiani
1144 1240 1305 1297 attribuunt

311 1337 369 1385 tem
391 1329 455 1400 Dig.
477 1331 532 1396 tt,
553 1332 610 1396 26,
634 1333 681 1395 l,.
694 1328 723 1382 in
745 1325 852 1398 qulbus
873 1327 987 1383 initium
1010 1327 1159 1397 fragmenti
1182 1327 1194 1382 l
1217 1327 1300 1396 redit,

311 1431 398 1486 qnam
414 1416 514 1484 quinta
529 1411 713 1469 membranae
729 1414 849 1469 alicuius
860 1414 960 1469 lacinia
972 1413 1211 1479 vindobonensis,
1230 1429 1305 1483 quae

311 1501 469 1570 marginem
480 1501 669 1576 superiorem
692 1500 778 1554 nnius
801 1499 859 1556 lolii
881 1515 947 1554 cum
965 1499 1208 1570 superscriptione
1223 1501 1306 1569 pagi-

312 1619 414 1658 narum
436 1603 582 1658 seruauit:
608 1603 637 1656 in
659 1603 742 1657 cuius
764 1603 865 1672 pagina
886 1607 965 1656 recta
979 1601 1084 1672 legitur
1097 1601 1166 1656 Illi·
1179 1579 1250 1671 l’7,
1276 1603 1305 1656 in

311 1705 415 1745 auersa
426 1689 503 1744 VLP·
518 1687 623 1743 INST·.
655 1687 724 1743 illud
736 1694 832 1743 tamen
844 1687 900 1744 dici
911 1688 1022 1758 nequit,
1038 1693 1136 1743 utrum
1148 1687 1195 1743 hic
1206 1703 1304 1758 margo

311 1775 349 1831 ad
364 1775 533 1830 alterutrum
548 1789 649 1829 eorum
664 1773 809 1842 foliorum,
835 1789 959 1843 quorum
975 1779 1072 1845 partes
1086 1774 1238 1830 interiores
1252 1791 1306 1829 ex-

311 1867 382 1931 tant,
408 1877 444 1916 an
467 1860 503 1915 ad
525 1859 601 1915 aliud
625 1859 816 1930 nescioquod
833 1859 962 1914 eiusdem
976 1859 1083 1915 codicis
1098 1859 1199 1916 lolium
1213 1861 1306 1930 perti-

312 1947 417 2002 nuerit.
457 1945 523 2001 inde
546 1946 641 2015 igitur,
667 1945 746 2016 quod
768 1948 797 2000 in
819 1944 873 2000 heo
895 1946 1079 2016 inscriptione
1101 1943 1175 2000 liber
1196 1946 1306 2015 primus

313 2036 563 2101 commemoratur,
593 2031 778 2086 nullomodo
801 2031 944 2086 enincitur
966 2031 1122 2101 fragmenta
1145 2031 1248 2087 Ill-V
1270 2031 1305 2086 ad

312 2119 438 2188 primum
460 2117 671 2178 Institutionum
693 2114 799 2171 librum
822 2117 1005 2186 pertinuisse.
1046 2117 1127 2188 prius
1149 2123 1245 2172 autem
1261 2117 1307 2174 io-

313 2205 383 2260 linm
398 2203 435 2258 ad
449 2202 556 2258 librum
570 2203 582 2257 l
597 2202 742 2272 pertinere
758 2201 905 2271 eDigestis
920 2209 1009 2272 patet.
1036 2209 1130 2274 potest
1145 2219 1213 2258 saue
1230 2202 1302 2269 lieri,

315 2295 346 2346 nt
368 2290 443 2344 inter
463 2290 589 2359 primum
612 2294 641 2344 et
655 2287 815 2344 secundum
830 2288 930 2344 lolium
946 2289 1029 2358 primi
1044 2290 1256 2350 Institutionum
1271 2289 1308 2343 li-

313 2375 359 2431 bri
374 2373 439 2430 linis
454 2381 483 2430 et
498 2375 609 2430 initium
623 2373 743 2430 secundi
758 2375 962 2430 intercesserit.

400 2461 483 2516 Extat
504 2460 630 2530 denique
651 2466 730 2516 sexta
753 2459 882 2516 eiusdem
907 2460 1014 2518 codicis
1035 2461 1174 2518 schedula
1196 2468 1225 2518 et
1246 2462 1308 2530 ipsa

314 2563 351 2602 ex
372 2546 491 2602 alicuius
514 2545 572 2602 lolii
594 2546 721 2616 margine
743 2548 895 2616 superiore
917 2554 1039 2615 resecta,
1068 2549 1097 2602 in
1119 2563 1178 2618 qua
1199 2562 1308 2616 paucae

314 2633 474 2703 primorum
496 2633 648 2702 utriusque
663 2633 783 2702 paginae
798 2648 938 2690 uersuum
952 2633 1064 2690 litterae
1079 2634 1304 2703 conspiciuntur,

314 2725 344 2775 et
359 2719 387 2774 in
403 2725 481 2774 recta
496 2717 615 2788 quidem
629 2717 730 2788 pagina
745 2717 816 2774 hae:
845 2707 856 2796 44
869 2735 939 2774 ενα.
1142 2710 1192 2796 lin
1206 2735 1308 2774 auersa

314 2804 386 2860 hae:
404 2793 582 2882 ss—-—
597 2802 746 2872 *crimem
763 2795 781 2880 4,

402 2889 578 2961 Scripturam
607 2889 713 2947 codicis
743 2889 790 2944 uel
820 2891 920 2960 quinto
950 2891 997 2946 uel
1026 2897 1108 2946 sexto
1137 2891 1253 2948 saeculo
1275 2907 1305 2961 p.

315 2976 383 3032 Chr.
403 2992 432 3030 n.
451 2974 601 3032 attribuas.
636 2976 791 3046 fragmenta
808 2975 948 3032 delineata
963 2982 992 3032 et
1006 2977 1145 3048 ampliore
1160 2992 1310 3034 commen-

315 3063 388 3118 tario
411 3061 548 3118 illustrata
571 3079 587 3118 a
608 3078 655 3118 me
677 3066 744 3118 sunt
766 3062 794 3116 in
817 3061 891 3120 libro
914 3063 959 3117 cui
983 3061 1148 3118 inscribitur
1169 3063 1310 3118 Kritiscbe

315 3147 462 3203 Versuche
482 3141 583 3223 (Berlin
604 3141 694 3224 tilio)
714 3163 743 3218 p.
768 3150 825 3204 lto
838 3163 904 3218 sqq.

809 3366 819 3408 1

360 3468 539 3528 Precarium
556 3477 616 3544 est,
635 3465 720 3546 quod
735 3465 885 3548 precibus
900 3468 1020 3548 petenti
1037 3465 1191 3530 utendum
1208 3467 1356 3529 concedi-

273 3563 326 3614 tur
341 3561 404 3614 tam
421 3552 488 3630 diu,
514 3551 667 3634 quamdiu
690 3553 717 3614 is
740 3553 794 3633 qui
812 3553 967 3616 concessit
984 3553 1113 3634 patitur.
1154 3553 1240 3635 quod
1255 3573 1356 3634 genus

273 3637 471 3700 liberalitatis
488 3659 528 3700 ex
544 3639 612 3700 iure
630 3640 771 3719 gentium
789 3637 963 3700 descendit.
995 3648 1027 3701 et
1043 3637 1138 3701 distat
1154 3657 1172 3700 a
1188 3639 1355 3700 donatione

274 3744 329 3804 eo,
349 3724 434 3805 quod
451 3726 505 3804 qui
523 3723 617 3786 donat
632 3727 678 3788 sic
695 3724 764 3802 dat,
783 3744 823 3786 ne
840 3725 985 3805 recipiat:
1007 3734 1038 3786 at
1053 3726 1108 3804 qui
1125 3727 1266 3805 precario
1281 3743 1356 3786 con·
1375 3736 1387 3781 s

274 3811 369 3889 cedit,
395 3813 440 3874 sic
456 3809 510 3872 dat
526 3811 615 3890 quasi
632 3822 708 3872 tunc
728 3820 926 3891 recepturus,
951 3830 1023 3873 cum
1045 3810 1106 3872 sibi
1129 3810 1259 3873 libuerit
1281 3831 1357 3892 pre-

274 3899 395 3958 carium
411 3898 545 3959 soluere.
582 3906 614 3957 et
637 3907 685 3958 est
706 3898 808 3958 simile
831 3896 1039 3958 commodato:
1066 3915 1138 3957 nam
1154 3899 1256 3976 etqui
1272 3915 1357 3957 com-

288 4063 327 4076 ΛΝ
332 4067 430 4082 »ΛΜΛΑΛ
436 4067 968 4082 ΑΛΛΜᾺΝνννκΛΛΛΛΛΛΛΛΛΛΛΛΛΙνᾺΛΛΝκΛΛΛ
973 4069 999 4079 Μ’
1004 4069 1047 4080 ΑΛΓ
1052 4069 1142 4081 summa
1146 4067 1250 4081 ΑΛΛΛΝν
1257 4069 1294 4079 Anu
1309 4069 1316 4074 ¹·
1336 4067 1356 4080 1¹⁴.

345 4173 407 4218 2-
415 4183 443 4232 p.
460 4173 518 4228 459,
535 4174 544 4217 4
561 4184 641 4232 usque
654 4172 688 4220 nd
701 4171 749 4221 sed
761 4174 790 4220 ut
805 4174 828 4221 ei
841 4173 872 4221 ut
883 4184 897 4220 e
910 4171 969 4235 Dio.
986 4173 1028 4232 tc,
1041 4175 1085 4230 tt,
1101 4176 1110 4220 t
1127 4173 1245 4234 suppleta
1255 4177 1315 4221 ruet
