3066 4826
684 342 1005 403 -162—-

574 597 809 663 FRAGMENTA
831 599 882 660 DE
906 599 995 660 IVRE
1018 598 1115 660 FlSGl

434 727 604 796 Fragmenta
618 726 748 780 Veronae
771 728 799 780 in
821 723 996 782 bibliotheca
1012 723 1161 794 capitulari
1177 723 1339 791 adseruata,

336 828 423 883 „quae
446 818 566 882 propter
587 819 788 882 argumentum
810 810 896 866 hodie
918 812 952 866 dc
967 813 1028 866 iore
1040 811 1102 883 fisci
1116 809 1261 879 dicuntur,
1289 813 1344 865 etsi

350 899 386 955 de
401 898 482 954 titulo
498 903 526 953 et
542 897 578 954 de
594 902 711 952 auctore
726 895 802 962 libri,
822 898 904 953 cuius
920 912 953 951 ea
970 896 1037 953 olim
1051 901 1163 966 partem
1180 895 1339 964 effecerint,

350 991 460 1040 certum
482 984 620 1039 iudicium
642 988 718 1038 extat
742 983 870 1051 nullum,
903 980 1091 1052 probabiliter
1113 987 1233 1052 propter
1255 997 1345 1051 argu-

349 1079 479 1126 mentum
501 1069 655 1125 iuridicum
671 1074 699 1123 et
714 1074 834 1138 propter
849 1063 992 1124 sermonis
1008 1068 1129 1124 sormam
1144 1067 1181 1122 ad
1196 1066 1344 1128 saeculum

350 1157 375 1212 ll
390 1161 550 1212 extremum
565 1155 613 1210 uel
629 1154 665 1212 lll
681 1169 711 1224 p.
730 1154 796 1210 Chr.
816 1171 845 1210 n.
864 1155 1041 1222 referuntur,
1067 1155 1091 1209 si
1112 1153 1144 1208 id
1161 1161 1276 1223 tempus
1292 1169 1344 1208 ex-

350 1245 449 1313 cipias,
477 1257 535 1311 quo
550 1242 709 1311 imperante
724 1241 865 1296 Caracalla
879 1243 924 1296 ius
940 1245 1055 1310 patrum
1070 1242 1100 1294 in
1115 1239 1232 1296 caducis
1248 1239 1347 1294 uindi-

351 1327 450 1384 candis
469 1319 558 1402 (quod
574 1322 635 1397 in§
652 1331 667 1382 3
685 1321 857 1401 agnoscitur)
878 1341 935 1383 non
950 1324 1066 1396 uigebat
1089 1317 1162 1400 (le.
1185 1329 1232 1391 ⁴7,
1255 1331 1283 1394 2,
1303 1325 1342 1381 ci.

352 1415 404 1469 nto
420 1413 497 1468 cass.
519 1416 569 1481 ro,
592 1417 626 1468 ra
645 1412 793 1483 Capitone.
814 1415 843 1467 tn
858 1413 983 1468 Macrino
1004 1403 1099 1487 ls)¹).

437 1499 606 1568 Fragmenta
627 1501 699 1570 ipsa,
726 1514 801 1569 quae
823 1501 947 1571 primum
963 1514 1018 1553 una
1035 1513 1102 1553 cum
1117 1497 1170 1553 Gai
1185 1498 1346 1552 Institutio-

351 1583 437 1640 nibus
459 1602 486 1640 a.
509 1589 587 1642 toto
612 1582 721 1654 publici
743 1586 814 1640 iuris
837 1585 1013 1652 factasunt,
1040 1584 1154 1640 duobus
1177 1583 1251 1639 loliis
1274 1598 1347 1638 con-

353 1675 438 1739 stant,
457 1687 533 1742 quae
548 1670 617 1726 olim
632 1671 724 1727 codici
739 1672 879 1742 rescripto
894 1671 1127 1741 Hieronymiano,
1154 1672 1237 1726 cuins
1251 1671 1347 1740 scrip-

353 1762 417 1812 tura
433 1759 550 1826 antiqua
565 1756 668 1812 Gaium
683 1758 820 1823 continet,
846 1757 1004 1826 tegumenti
1025 1757 1088 1813 loco
1108 1755 1245 1811 uidentur
1259 1771 1347 1825 prae-

353 1843 439 1900 missa
462 1842 561 1898 luisse.
601 1841 679 1912 quod
703 1857 761 1912 quo
784 1843 962 1898 commodius
977 1841 1069 1912 fieret,
1095 1839 1261 1913 bibliopega
1275 1841 1347 1896 haec

354 1929 421 1986 lolia
434 1929 473 1984 ita
488 1929 657 1998 amputauit,
679 1933 711 1983 ut
725 1931 868 1998 margines
882 1931 1047 1997 superiores
1062 1934 1091 1984 et
1107 1929 1265 1984 exteriores
1280 1943 1347 1982 cum

345 2020 434 2087 parte
457 2015 616 2084 scripturae
638 2013 790 2069 recideret.
837 2029 933 2084 neque
955 2013 1029 2069 hanc
1051 2013 1147 2069 labem
1168 2013 1258 2069 solam
1281 2013 1346 2068 lolia

353 2101 400 2156 illa
416 2105 630 2168 contraxerunt,
656 2099 706 2154 sed
729 2101 837 2154 sensim
859 2100 1124 2170 pedetemptimque
1146 2116 1202 2155 usu
1224 2099 1348 2155 lacerata

354 2191 398 2242 est
421 2185 538 2241 dextera
555 2201 623 2256 pars
637 2187 789 2254 utriusque
805 2184 864 2241 lolii
879 2188 984 2240 summi
999 2192 1027 2240 et
1045 2193 1194 2256 praeterea
1209 2185 1349 2240 foramina

355 2277 383 2328 et
411 2272 500 2327 rimae
529 2273 558 2325 in
585 2271 688 2331 mediis
710 2269 885 2326 membranis
907 2279 987 2326 ortae
1010 2274 1170 2342 scripturae
1193 2271 1349 2341 particulas

354 2356 544 2414 abstulerunt.
579 2373 613 2414 eo
628 2362 832 2428 temporeque
849 2357 914 2412 lolia
929 2358 1125 2425 innotuerunt,
1145 2359 1287 2428 margines
1302 2359 1350 2411 in-

354 2445 476 2498 teriores
492 2442 616 2498 duorum
631 2443 765 2498 loliorum
780 2443 886 2512 glutine
903 2449 1068 2512 compactae
1084 2443 1182 2498 suere:
1202 2441 1350 2498 membra-

355 2545 409 2584 nae
432 2534 528 2584 autem
551 2530 630 2598 ipsae
652 2544 722 2584 num
743 2530 876 2598 primitus
898 2531 936 2584 lta
959 2531 1034 2584 inter
1053 2545 1083 2585 se
1099 2529 1290 2593 cohaeserint,
1317 2534 1349 2582 ut

354 2630 445 2670 unum
467 2631 519 2685 par
541 2613 674 2670 loliorum
697 2613 853 2685 efficerent,
880 2614 1064 2685 eundemque
1088 2615 1220 2670 ordinem
1236 2615 1349 2671 babue-

354 2703 423 2768 rint‚
449 2716 507 2770 quo
523 2706 623 2770 postea
639 2701 830 2770 conglutinata
846 2707 875 2756 et
890 2701 945 2756 hoc
961 2702 1075 2756 saeculo
1092 2701 1168 2756 edita
1188 2709 1264 2770 sunt,
1292 2699 1349 2756 dici

355 2802 413 2842 non
436 2793 546 2856 potest:
580 2791 658 2842 certe
687 2789 818 2842 neutrius
842 2787 899 2842 iolii
921 2787 1002 2843 initio
1025 2787 1142 2842 alterius
1163 2793 1274 2857 partem
1298 2802 1350 2840 ex-

354 2880 476 2928 tremam
498 2873 658 2928 continuari
680 2873 862 2929 manifestum
884 2879 938 2928 est.
984 2873 1110 2944 singulae
1132 2878 1252 2944 paginae
1274 2870 1350 2927 binis

357 2959 497 3014 columnis
513 2965 643 3014 exaratae
659 2965 736 3014 sunt.
763 2963 834 3028 quot
847 2964 944 3014 autem
960 2975 1062 3015 uersus
1077 2961 1106 3014 in
1122 2961 1349 3028 uniuscuiusque

356 3047 476 3114 paginae
499 3044 593 3100 ironte
615 3047 699 3100 recisi
721 3046 787 3112 sint,
813 3060 872 3100 non
888 3049 1009 3101 constat.
1049 3048 1135 3101 unius
1151 3051 1229 3100 certe
1246 3059 1350 3100 uersus

355 3132 508 3185 maximam
522 3135 634 3199 partem
648 3132 734 3185 recisi
747 3132 868 3200 uestigia
882 3132 912 3184 in
927 3131 1016 3187 altero
1032 3131 1099 3186 folio
1112 3137 1251 3201 apparent
1262 3147 1350 3202 supra

346 3217 465 3286 -primae
481 3221 509 3271 et
524 3225 643 3285 quartae
658 3216 808 3271 columnae
823 3216 982 3272 uersiculos
997 3219 1106 3286 primos
1122 3233 1172 3272 eos
1194 3219 1245 3287 qui
1262 3216 1350 3271 bodie

356 3305 408 3358 toti
419 3302 474 3372 legi
486 3307 616 3372 possunt,
632 3307 663 3356 ut
675 3307 785 3357 constet
797 3303 922 3372 singulas
934 3305 1050 3372 paginas
1061 3303 1108 3358 uel
1118 3301 1350 3359 columnasXX‘V

356 3390 507 3443 minimum
521 3403 625 3444 uersus
647 3388 811 3457 complexas
833 3404 907 3444 esse.
944 3396 1094 3458 praeterea
1108 3404 1174 3444 cum
1190 3405 1226 3444 ex
1240 3388 1351 3445 ambitu

358 3475 517 3542 scripturae
539 3489 614 3543 quae
637 3473 723 3529 hodie
746 3480 823 3529 extat
845 3475 965 3531 sormam
982 3475 1089 3531 codicis
1104 3476 1207 3545 integri
1222 3475 1351 3544 quadra-

357 3565 416 3615 tam
431 3561 521 3629 magis
536 3575 623 3629 quam
639 3557 791 3631 oblongam
807 3560 895 3616 luisse
910 3559 1061 3630 probabile
1077 3562 1123 3627 sit,
1149 3576 1207 3616 non
1229 3561 1352 3631 amplius

358 3661 446 3715 quam
467 3644 550 3700 binos
571 3645 620 3700 uel
642 3650 741 3701 ternos
763 3662 867 3701 uersus
889 3644 1016 3702 abscisos
1039 3662 1103 3702 esse
1119 3648 1258 3713 conicias,
1285 3661 1350 3702 curn

359 3733 528 3802 praesertim
543 3747 586 3801 ea,
614 3747 688 3801 quae
710 3733 738 3786 in
761 3729 844 3787 ter'tia
867 3731 927 3789 lolii
941 3732 1061 3788 secundi
1076 3731 1207 3788 columna
1223 3737 1351 3787 extrema

358 3818 501 3886 leguntur,
528 3818 596 3873 licet
617 3833 675 3872 non
698 3820 901 3874 continuentur
924 3821 965 3874 eis
987 3833 1062 3888 quae
1085 3819 1114 3872 in
1137 3817 1267 3874 eiusdem
1290 3818 1352 3873 lolii

317 3981 364 3995 ᾺΝ
368 3980 1398 3998 mmmmm

386 4083 404 4146 ¹)
430 4084 557 4135 Pluribus
579 4085 613 4135 da
631 4087 743 4136 auctore
760 4085 972 4147 fragmentorum
993 4086 1201 4152 disputauerunt
1215 4086 1352 4150 Boeclring
1372 4087 1401 4135 et

317 4153 444 4204 Huschke
457 4154 485 4202 in
495 4152 707 4218 praelationibus
718 4155 868 4205 editionum
881 4156 915 4205 ab
928 4157 993 4220 ipsis
1005 4158 1170 4206 curaturum.
