<?xml version="1.0" encoding="UTF-8"?>
<!DOCTYPE html PUBLIC "-//W3C//DTD XHTML 1.0 Transitional//EN"
    "http://www.w3.org/TR/xhtml1/DTD/xhtml1-transitional.dtd">
<html xmlns="http://www.w3.org/1999/xhtml" xml:lang="en" lang="en">
 <head>
  <title>
</title>
<meta http-equiv="Content-Type" content="text/html;charset=utf-8" />
  <meta name='ocr-system' content='tesseract 3.04.00' />
  <meta name='ocr-capabilities' content='ocr_page ocr_carea ocr_par ocr_line ocrx_word'/>
</head>
<body>
  <div class='ocr_page' id='page_1' title='image "./ulpianilibersin00kruegoog_0115.png"; bbox 0 0 3066 4826; ppageno 0'>
   <div class='ocr_carea' id='block_1_1' title="bbox 269 343 972 406">
    <p class='ocr_par' dir='ltr' id='par_1_1' title="bbox 269 343 972 406">
     <span class='ocr_line' id='line_1_1' title="bbox 269 343 972 406; baseline -0.006 -12"><span class='ocrx_word' id='word_1_1' title='bbox 269 343 474 404; x_wconf 69' lang='grc'><strong>4441444</strong></span> <span class='ocrx_word' id='word_1_2' title='bbox 649 378 736 389; x_wconf 90' lang='grc'><strong>--</strong></span> <span class='ocrx_word' id='word_1_3' title='bbox 781 343 842 406; x_wconf 83' lang='grc'><strong>104</strong></span> <span class='ocrx_word' id='word_1_4' title='bbox 884 377 972 390; x_wconf 81' lang='grc'><strong>..-</strong></span> 
     </span>
    </p>
   </div>
   <div class='ocr_carea' id='block_1_2' title="bbox 167 528 1412 2160">
    <p class='ocr_par' dir='ltr' id='par_1_2' title="bbox 167 528 1412 2160">
     <span class='ocr_line' id='line_1_2' title="bbox 270 528 1356 594; baseline 0.001 -1"><span class='ocrx_word' id='word_1_5' title='bbox 270 532 358 594; x_wconf 91' lang='lat' dir='ltr'><strong>ciuili</strong></span> <span class='ocrx_word' id='word_1_6' title='bbox 369 532 546 594; x_wconf 89' lang='lat' dir='ltr'><strong>Voconiana</strong></span> <span class='ocrx_word' id='word_1_7' title='bbox 560 531 682 594; x_wconf 88' lang='lat' dir='ltr'><strong>ratione</strong></span> <span class='ocrx_word' id='word_1_8' title='bbox 693 528 824 594; x_wconf 89' lang='lat' dir='ltr'><strong>uidetur</strong></span> <span class='ocrx_word' id='word_1_9' title='bbox 832 532 990 594; x_wconf 81' lang='lat' dir='ltr'><strong>effectum.</strong></span> <span class='ocrx_word' id='word_1_10' title='bbox 1015 541 1157 594; x_wconf 89' lang='lat' dir='ltr'><strong>ceterum</strong></span> <span class='ocrx_word' id='word_1_11' title='bbox 1168 530 1356 594; x_wconf 74' lang='lat' dir='ltr'><strong>lenduode-</strong></span> 
     </span>
     <span class='ocr_line' id='line_1_3' title="bbox 167 615 1355 700; baseline -0.001 -22"><span class='ocrx_word' id='word_1_12' title='bbox 167 615 334 700; x_wconf 71' lang='lat' dir='ltr'><strong>2l[23]cim</strong></span> <span class='ocrx_word' id='word_1_13' title='bbox 349 617 530 680; x_wconf 91' lang='lat' dir='ltr'><strong>tabularum</strong></span> <span class='ocrx_word' id='word_1_14' title='bbox 545 616 632 679; x_wconf 90' lang='lat' dir='ltr'><strong>nulla</strong></span> <span class='ocrx_word' id='word_1_15' title='bbox 653 615 844 680; x_wconf 81' lang='lat' dir='ltr'><strong>discretione</strong></span> <span class='ocrx_word' id='word_1_16' title='bbox 859 636 956 682; x_wconf 84' lang='lat' dir='ltr'><strong>sexus</strong></span> <span class='ocrx_word' id='word_1_17' title='bbox 970 627 1118 698; x_wconf 89' lang='lat' dir='ltr'><strong>cognatos</strong></span> <span class='ocrx_word' id='word_1_18' title='bbox 1132 615 1283 680; x_wconf 81' lang='lat' dir='ltr'><strong>admittit.</strong></span> <span class='ocrx_word' id='word_1_19' title='bbox 1319 618 1355 678; x_wconf 92' lang='lat' dir='ltr'><strong>ln</strong></span> 
     </span>
     <span class='ocr_line' id='line_1_4' title="bbox 270 701 1355 783; baseline 0 -19"><span class='ocrx_word' id='word_1_20' title='bbox 270 702 448 766; x_wconf 89' lang='lat' dir='ltr'><strong>hereditate</strong></span> <span class='ocrx_word' id='word_1_21' title='bbox 463 703 605 783; x_wconf 89' lang='lat' dir='ltr'><strong>legitima</strong></span> <span class='ocrx_word' id='word_1_22' title='bbox 619 704 809 764; x_wconf 76' lang='lat' dir='ltr'><strong>successioni</strong></span> <span class='ocrx_word' id='word_1_23' title='bbox 825 703 912 766; x_wconf 90' lang='lat' dir='ltr'><strong>locus</strong></span> <span class='ocrx_word' id='word_1_24' title='bbox 933 723 997 766; x_wconf 93' lang='lat' dir='ltr'><strong>non</strong></span> <span class='ocrx_word' id='word_1_25' title='bbox 1013 713 1071 766; x_wconf 90' lang='lat' dir='ltr'><strong>est.</strong></span> <span class='ocrx_word' id='word_1_26' title='bbox 1119 713 1152 765; x_wconf 90' lang='lat' dir='ltr'><strong>et</strong></span> <span class='ocrx_word' id='word_1_27' title='bbox 1169 703 1242 765; x_wconf 92' lang='lat' dir='ltr'><strong>ideo</strong></span> <span class='ocrx_word' id='word_1_28' title='bbox 1257 701 1355 764; x_wconf 80' lang='lat' dir='ltr'><strong>tratre</strong></span> 
     </span>
     <span class='ocr_line' id='line_1_5' title="bbox 271 786 1356 870; baseline 0 -20"><span class='ocrx_word' id='word_1_29' title='bbox 271 787 463 867; x_wconf 86' lang='lat' dir='ltr'><strong>decedente,</strong></span> <span class='ocrx_word' id='word_1_30' title='bbox 482 798 652 868; x_wconf 90' lang='lat' dir='ltr'><strong>antequam</strong></span> <span class='ocrx_word' id='word_1_31' title='bbox 667 786 761 852; x_wconf 92' lang='lat' dir='ltr'><strong>adeat</strong></span> <span class='ocrx_word' id='word_1_32' title='bbox 775 797 830 852; x_wconf 89' lang='lat' dir='ltr'><strong>aut</strong></span> <span class='ocrx_word' id='word_1_33' title='bbox 845 789 995 870; x_wconf 84' lang='lat' dir='ltr'><strong>repudiet</strong></span> <span class='ocrx_word' id='word_1_34' title='bbox 1009 788 1229 867; x_wconf 80' lang='lat' dir='ltr'><strong>hereditatem,</strong></span> <span class='ocrx_word' id='word_1_35' title='bbox 1248 787 1356 850; x_wconf 80' lang='lat' dir='ltr'><strong>fratris</strong></span> 
     </span>
     <span class='ocr_line' id='line_1_6' title="bbox 271 874 1392 955; baseline -0.004 -19"><span class='ocrx_word' id='word_1_36' title='bbox 271 874 355 936; x_wconf 89' lang='lat' dir='ltr'><strong>filius</strong></span> <span class='ocrx_word' id='word_1_37' title='bbox 377 874 500 936; x_wconf 81' lang='lat' dir='ltr'><strong>admitti</strong></span> <span class='ocrx_word' id='word_1_38' title='bbox 522 894 586 936; x_wconf 92' lang='lat' dir='ltr'><strong>non</strong></span> <span class='ocrx_word' id='word_1_39' title='bbox 607 884 727 954; x_wconf 89' lang='lat' dir='ltr'><strong>potest,</strong></span> <span class='ocrx_word' id='word_1_40' title='bbox 757 875 832 955; x_wconf 89' lang='lat' dir='ltr'><strong>quia</strong></span> <span class='ocrx_word' id='word_1_41' title='bbox 854 877 969 938; x_wconf 84' lang='lat' dir='ltr'><strong>omissa</strong></span> <span class='ocrx_word' id='word_1_42' title='bbox 989 877 1146 938; x_wconf 88' lang='lat' dir='ltr'><strong>successio</strong></span> <span class='ocrx_word' id='word_1_43' title='bbox 1171 875 1355 954; x_wconf 82' lang='lat' dir='ltr'><strong>proximiori</strong></span> <span class='ocrx_word' id='word_1_44' title='bbox 1374 885 1392 932; x_wconf 78' lang='lat' dir='ltr'><strong>e</strong></span> 
     </span>
     <span class='ocr_line' id='line_1_7' title="bbox 168 958 1358 1043; baseline -0.002 -19"><span class='ocrx_word' id='word_1_45' title='bbox 168 959 424 1043; x_wconf 65' lang='lat' dir='ltr'><strong>hlihlldelertur.</strong></span> <span class='ocrx_word' id='word_1_46' title='bbox 470 959 519 1023; x_wconf 86' lang='lat' dir='ltr'><strong>Ab</strong></span> <span class='ocrx_word' id='word_1_47' title='bbox 539 958 683 1022; x_wconf 87' lang='lat' dir='ltr'><strong>hostibus</strong></span> <span class='ocrx_word' id='word_1_48' title='bbox 698 970 809 1040; x_wconf 88' lang='lat' dir='ltr'><strong>captus</strong></span> <span class='ocrx_word' id='word_1_49' title='bbox 824 979 929 1041; x_wconf 91' lang='lat' dir='ltr'><strong>neque</strong></span> <span class='ocrx_word' id='word_1_50' title='bbox 949 963 1000 1024; x_wconf 93' lang='lat' dir='ltr'><strong>sui</strong></span> <span class='ocrx_word' id='word_1_51' title='bbox 1015 980 1121 1042; x_wconf 90' lang='lat' dir='ltr'><strong>neque</strong></span> <span class='ocrx_word' id='word_1_52' title='bbox 1144 961 1277 1041; x_wconf 83' lang='lat' dir='ltr'><strong>legitimi</strong></span> <span class='ocrx_word' id='word_1_53' title='bbox 1299 961 1358 1022; x_wconf 91' lang='lat' dir='ltr'><strong>he-</strong></span> 
     </span>
     <span class='ocr_line' id='line_1_8' title="bbox 271 1047 1354 1127; baseline 0 -19"><span class='ocrx_word' id='word_1_54' title='bbox 271 1047 358 1110; x_wconf 90' lang='lat' dir='ltr'><strong>redis</strong></span> <span class='ocrx_word' id='word_1_55' title='bbox 378 1049 428 1108; x_wconf 92' lang='lat' dir='ltr'><strong>ius</strong></span> <span class='ocrx_word' id='word_1_56' title='bbox 449 1047 567 1109; x_wconf 86' lang='lat' dir='ltr'><strong>amittit</strong></span> <span class='ocrx_word' id='word_1_57' title='bbox 592 1047 784 1126; x_wconf 89' lang='lat' dir='ltr'><strong>postliminio</strong></span> <span class='ocrx_word' id='word_1_58' title='bbox 806 1066 968 1110; x_wconf 89' lang='lat' dir='ltr'><strong>reuersus.</strong></span> <span class='ocrx_word' id='word_1_59' title='bbox 1021 1048 1107 1127; x_wconf 88' lang='lat' dir='ltr'><strong>quod</strong></span> <span class='ocrx_word' id='word_1_60' title='bbox 1129 1057 1161 1110; x_wconf 94' lang='lat' dir='ltr'><strong>et</strong></span> <span class='ocrx_word' id='word_1_61' title='bbox 1180 1049 1265 1108; x_wconf 91' lang='lat' dir='ltr'><strong>circa</strong></span> <span class='ocrx_word' id='word_1_62' title='bbox 1289 1065 1354 1124; x_wconf 90' lang='lat' dir='ltr'><strong>eos,</strong></span> 
     </span>
     <span class='ocr_line' id='line_1_9' title="bbox 271 1131 1358 1214; baseline -0.002 -20"><span class='ocrx_word' id='word_1_63' title='bbox 271 1134 327 1213; x_wconf 87' lang='lat' dir='ltr'><strong>qui</strong></span> <span class='ocrx_word' id='word_1_64' title='bbox 343 1134 376 1194; x_wconf 95' lang='lat' dir='ltr'><strong>in</strong></span> <span class='ocrx_word' id='word_1_65' title='bbox 392 1133 528 1194; x_wconf 90' lang='lat' dir='ltr'><strong>insulam</strong></span> <span class='ocrx_word' id='word_1_66' title='bbox 544 1131 755 1212; x_wconf 86' lang='lat' dir='ltr'><strong>deportantur</strong></span> <span class='ocrx_word' id='word_1_67' title='bbox 766 1133 820 1194; x_wconf 91' lang='lat' dir='ltr'><strong>uei</strong></span> <span class='ocrx_word' id='word_1_68' title='bbox 831 1134 916 1196; x_wconf 90' lang='lat' dir='ltr'><strong>serui</strong></span> <span class='ocrx_word' id='word_1_69' title='bbox 931 1153 1052 1214; x_wconf 90' lang='lat' dir='ltr'><strong>poenae</strong></span> <span class='ocrx_word' id='word_1_70' title='bbox 1064 1134 1168 1196; x_wconf 83' lang='lat' dir='ltr'><strong>effecti</strong></span> <span class='ocrx_word' id='word_1_71' title='bbox 1183 1142 1268 1210; x_wconf 88' lang='lat' dir='ltr'><strong>sunt,</strong></span> <span class='ocrx_word' id='word_1_72' title='bbox 1287 1132 1358 1212; x_wconf 92' lang='lat' dir='ltr'><strong>pla-</strong></span> 
     </span>
     <span class='ocr_line' id='line_1_10' title="bbox 271 1218 1358 1300; baseline 0.001 -21"><span class='ocrx_word' id='word_1_73' title='bbox 271 1221 335 1281; x_wconf 90' lang='lat' dir='ltr'><strong>cuit</strong></span> <span class='ocrx_word' id='word_1_74' title='bbox 355 1218 536 1298; x_wconf 88' lang='lat' dir='ltr'><strong>obserueri,</strong></span> <span class='ocrx_word' id='word_1_75' title='bbox 563 1219 590 1280; x_wconf 90' lang='lat' dir='ltr'><strong>si</strong></span> <span class='ocrx_word' id='word_1_76' title='bbox 613 1238 670 1299; x_wconf 92' lang='lat' dir='ltr'><strong>per</strong></span> <span class='ocrx_word' id='word_1_77' title='bbox 691 1221 796 1281; x_wconf 88' lang='lat' dir='ltr'><strong>omnia</strong></span> <span class='ocrx_word' id='word_1_78' title='bbox 817 1220 849 1281; x_wconf 94' lang='lat' dir='ltr'><strong>in</strong></span> <span class='ocrx_word' id='word_1_79' title='bbox 866 1220 1024 1300; x_wconf 88' lang='lat' dir='ltr'><strong>integrum</strong></span> <span class='ocrx_word' id='word_1_80' title='bbox 1045 1218 1245 1298; x_wconf 83' lang='lat' dir='ltr'><strong>indulgentia</strong></span> <span class='ocrx_word' id='word_1_81' title='bbox 1264 1219 1358 1298; x_wconf 90' lang='lat' dir='ltr'><strong>prin-</strong></span> 
     </span>
     <span class='ocr_line' id='line_1_11' title="bbox 170 1301 1412 1385; baseline -0.004 -21"><span class='ocrx_word' id='word_1_82' title='bbox 170 1301 366 1385; x_wconf 64' lang='lat' dir='ltr'><strong>23tslilcipaii</strong></span> <span class='ocrx_word' id='word_1_83' title='bbox 386 1305 605 1376; x_wconf 84' lang='lat' dir='ltr'><strong>restituantur.</strong></span> <span class='ocrx_word' id='word_1_84' title='bbox 653 1305 710 1364; x_wconf 89' lang='lat' dir='ltr'><strong>Pro</strong></span> <span class='ocrx_word' id='word_1_85' title='bbox 733 1304 853 1367; x_wconf 89' lang='lat' dir='ltr'><strong>herede</strong></span> <span class='ocrx_word' id='word_1_86' title='bbox 867 1324 981 1385; x_wconf 87' lang='lat' dir='ltr'><strong>gerere</strong></span> <span class='ocrx_word' id='word_1_87' title='bbox 1002 1315 1052 1368; x_wconf 90' lang='lat' dir='ltr'><strong>est</strong></span> <span class='ocrx_word' id='word_1_88' title='bbox 1072 1304 1285 1368; x_wconf 85' lang='lat' dir='ltr'><strong>destinatione</strong></span> <span class='ocrx_word' id='word_1_89' title='bbox 1300 1302 1357 1366; x_wconf 84' lang='lat' dir='ltr'><strong>iu-</strong></span> <span class='ocrx_word' id='word_1_90' title='bbox 1377 1315 1412 1360; x_wconf 83' lang='lat' dir='ltr'><strong>to</strong></span> 
     </span>
     <span class='ocr_line' id='line_1_12' title="bbox 271 1388 1357 1470; baseline -0.002 -18"><span class='ocrx_word' id='word_1_91' title='bbox 271 1391 335 1454; x_wconf 90' lang='lat' dir='ltr'><strong>turi</strong></span> <span class='ocrx_word' id='word_1_92' title='bbox 349 1390 483 1452; x_wconf 92' lang='lat' dir='ltr'><strong>dominii</strong></span> <span class='ocrx_word' id='word_1_93' title='bbox 505 1389 628 1470; x_wconf 92' lang='lat' dir='ltr'><strong>aliquid</strong></span> <span class='ocrx_word' id='word_1_94' title='bbox 643 1409 685 1452; x_wconf 81' lang='lat' dir='ltr'><strong>ex</strong></span> <span class='ocrx_word' id='word_1_95' title='bbox 699 1388 900 1453; x_wconf 89' lang='lat' dir='ltr'><strong>hereditariis</strong></span> <span class='ocrx_word' id='word_1_96' title='bbox 921 1390 1018 1454; x_wconf 88' lang='lat' dir='ltr'><strong>rebus</strong></span> <span class='ocrx_word' id='word_1_97' title='bbox 1032 1410 1206 1470; x_wconf 88' lang='lat' dir='ltr'><strong>usurpare:</strong></span> <span class='ocrx_word' id='word_1_98' title='bbox 1231 1400 1263 1452; x_wconf 92' lang='lat' dir='ltr'><strong>et</strong></span> <span class='ocrx_word' id='word_1_99' title='bbox 1284 1389 1357 1451; x_wconf 92' lang='lat' dir='ltr'><strong>ideo</strong></span> 
     </span>
     <span class='ocr_line' id='line_1_13' title="bbox 270 1473 1358 1557; baseline 0.001 -20"><span class='ocrx_word' id='word_1_100' title='bbox 270 1494 329 1557; x_wconf 94' lang='lat' dir='ltr'><strong>pro</strong></span> <span class='ocrx_word' id='word_1_101' title='bbox 344 1474 463 1538; x_wconf 90' lang='lat' dir='ltr'><strong>herede</strong></span> <span class='ocrx_word' id='word_1_102' title='bbox 475 1495 588 1557; x_wconf 86' lang='lat' dir='ltr'><strong>gerere</strong></span> <span class='ocrx_word' id='word_1_103' title='bbox 602 1473 742 1555; x_wconf 86' lang='lat' dir='ltr'><strong>uidetur,</strong></span> <span class='ocrx_word' id='word_1_104' title='bbox 761 1478 817 1557; x_wconf 89' lang='lat' dir='ltr'><strong>qui</strong></span> <span class='ocrx_word' id='word_1_105' title='bbox 829 1475 1000 1540; x_wconf 84' lang='lat' dir='ltr'><strong>fundorum</strong></span> <span class='ocrx_word' id='word_1_106' title='bbox 1011 1476 1275 1540; x_wconf 87' lang='lat' dir='ltr'><strong>hereditaricrum</strong></span> <span class='ocrx_word' id='word_1_107' title='bbox 1288 1477 1358 1538; x_wconf 88' lang='lat' dir='ltr'><strong>eul-</strong></span> 
     </span>
     <span class='ocr_line' id='line_1_14' title="bbox 274 1561 1358 1643; baseline -0.002 -19"><span class='ocrx_word' id='word_1_108' title='bbox 274 1574 362 1626; x_wconf 87' lang='lat' dir='ltr'><strong>turas</strong></span> <span class='ocrx_word' id='word_1_109' title='bbox 378 1563 582 1642; x_wconf 88' lang='lat' dir='ltr'><strong>rationesque</strong></span> <span class='ocrx_word' id='word_1_110' title='bbox 597 1561 747 1642; x_wconf 88' lang='lat' dir='ltr'><strong>disponit,</strong></span> <span class='ocrx_word' id='word_1_111' title='bbox 766 1573 798 1624; x_wconf 91' lang='lat' dir='ltr'><strong>et</strong></span> <span class='ocrx_word' id='word_1_112' title='bbox 813 1564 869 1643; x_wconf 90' lang='lat' dir='ltr'><strong>qui</strong></span> <span class='ocrx_word' id='word_1_113' title='bbox 883 1565 985 1626; x_wconf 87' lang='lat' dir='ltr'><strong>seruis</strong></span> <span class='ocrx_word' id='word_1_114' title='bbox 999 1563 1212 1640; x_wconf 89' lang='lat' dir='ltr'><strong>hereditariis,</strong></span> <span class='ocrx_word' id='word_1_115' title='bbox 1230 1565 1358 1624; x_wconf 92' lang='lat' dir='ltr'><strong>iumen-</strong></span> 
     </span>
     <span class='ocr_line' id='line_1_15' title="bbox 169 1644 1357 1729; baseline 0 -21"><span class='ocrx_word' id='word_1_116' title='bbox 169 1644 313 1728; x_wconf 59' lang='lat' dir='ltr'><strong>elutius</strong></span> <span class='ocrx_word' id='word_1_117' title='bbox 334 1647 473 1710; x_wconf 89' lang='lat' dir='ltr'><strong>rebusue</strong></span> <span class='ocrx_word' id='word_1_118' title='bbox 494 1648 564 1710; x_wconf 92' lang='lat' dir='ltr'><strong>aliis</strong></span> <span class='ocrx_word' id='word_1_119' title='bbox 590 1649 702 1710; x_wconf 91' lang='lat' dir='ltr'><strong>utitur.</strong></span> <span class='ocrx_word' id='word_1_120' title='bbox 748 1649 797 1708; x_wconf 80' lang='lat' dir='ltr'><strong>Ex</strong></span> <span class='ocrx_word' id='word_1_121' title='bbox 818 1647 966 1729; x_wconf 90' lang='lat' dir='ltr'><strong>pluribus</strong></span> <span class='ocrx_word' id='word_1_122' title='bbox 993 1648 1168 1712; x_wconf 90' lang='lat' dir='ltr'><strong>heredibus</strong></span> <span class='ocrx_word' id='word_1_123' title='bbox 1189 1647 1357 1728; x_wconf 89' lang='lat' dir='ltr'><strong>isdemque</strong></span> 
     </span>
     <span class='ocr_line' id='line_1_16' title="bbox 271 1733 1412 1814; baseline -0.002 -18"><span class='ocrx_word' id='word_1_124' title='bbox 271 1735 422 1814; x_wconf 83' lang='lat' dir='ltr'><strong>legitimis</strong></span> <span class='ocrx_word' id='word_1_125' title='bbox 450 1735 477 1796; x_wconf 91' lang='lat' dir='ltr'><strong>si</strong></span> <span class='ocrx_word' id='word_1_126' title='bbox 499 1735 556 1813; x_wconf 91' lang='lat' dir='ltr'><strong>qui</strong></span> <span class='ocrx_word' id='word_1_127' title='bbox 577 1735 741 1796; x_wconf 91' lang='lat' dir='ltr'><strong>omiserint</strong></span> <span class='ocrx_word' id='word_1_128' title='bbox 766 1733 975 1810; x_wconf 75' lang='lat' dir='ltr'><strong>hereditatem</strong></span> <span class='ocrx_word' id='word_1_129' title='bbox 997 1736 1051 1798; x_wconf 91' lang='lat' dir='ltr'><strong>uel</strong></span> <span class='ocrx_word' id='word_1_130' title='bbox 1072 1736 1104 1796; x_wconf 94' lang='lat' dir='ltr'><strong>in</strong></span> <span class='ocrx_word' id='word_1_131' title='bbox 1126 1733 1274 1798; x_wconf 91' lang='lat' dir='ltr'><strong>adeundo</strong></span> <span class='ocrx_word' id='word_1_132' title='bbox 1296 1734 1358 1796; x_wconf 90' lang='lat' dir='ltr'><strong>ali·</strong></span> <span class='ocrx_word' id='word_1_133' title='bbox 1378 1745 1412 1789; x_wconf 78' lang='lat'><strong>⁴⁵</strong></span> 
     </span>
     <span class='ocr_line' id='line_1_17' title="bbox 272 1818 1357 1900; baseline -0.001 -18"><span class='ocrx_word' id='word_1_134' title='bbox 272 1839 336 1900; x_wconf 88' lang='lat' dir='ltr'><strong>qua</strong></span> <span class='ocrx_word' id='word_1_135' title='bbox 351 1821 472 1882; x_wconf 90' lang='lat' dir='ltr'><strong>ratione</strong></span> <span class='ocrx_word' id='word_1_136' title='bbox 488 1818 608 1882; x_wconf 78' lang='lat' dir='ltr'><strong>fuerint</strong></span> <span class='ocrx_word' id='word_1_137' title='bbox 624 1819 786 1900; x_wconf 89' lang='lat' dir='ltr'><strong>impediti,</strong></span> <span class='ocrx_word' id='word_1_138' title='bbox 806 1821 856 1882; x_wconf 91' lang='lat' dir='ltr'><strong>his</strong></span> <span class='ocrx_word' id='word_1_139' title='bbox 871 1821 926 1900; x_wconf 91' lang='lat' dir='ltr'><strong>qui</strong></span> <span class='ocrx_word' id='word_1_140' title='bbox 942 1821 1091 1884; x_wconf 92' lang='lat' dir='ltr'><strong>adierunt</strong></span> <span class='ocrx_word' id='word_1_141' title='bbox 1104 1822 1282 1882; x_wconf 84' lang='lat' dir='ltr'><strong>uel&#39;eorum</strong></span> <span class='ocrx_word' id='word_1_142' title='bbox 1297 1819 1357 1883; x_wconf 87' lang='lat' dir='ltr'><strong>hc-</strong></span> 
     </span>
     <span class='ocr_line' id='line_1_18' title="bbox 272 1904 1357 1987; baseline 0 -21"><span class='ocrx_word' id='word_1_143' title='bbox 272 1905 405 1970; x_wconf 90' lang='lat' dir='ltr'><strong>rcdibus</strong></span> <span class='ocrx_word' id='word_1_144' title='bbox 426 1907 636 1968; x_wconf 90' lang='lat' dir='ltr'><strong>omittentium</strong></span> <span class='ocrx_word' id='word_1_145' title='bbox 658 1907 820 1986; x_wconf 89' lang='lat' dir='ltr'><strong>portiones</strong></span> <span class='ocrx_word' id='word_1_146' title='bbox 833 1905 1034 1970; x_wconf 90' lang='lat' dir='ltr'><strong>adcrescunt.</strong></span> <span class='ocrx_word' id='word_1_147' title='bbox 1081 1907 1167 1987; x_wconf 90' lang='lat' dir='ltr'><strong>quod</strong></span> <span class='ocrx_word' id='word_1_148' title='bbox 1189 1907 1222 1968; x_wconf 89' lang='lat' dir='ltr'><strong>in</strong></span> <span class='ocrx_word' id='word_1_149' title='bbox 1237 1904 1357 1970; x_wconf 88' lang='lat' dir='ltr'><strong>herede</strong></span> 
     </span>
     <span class='ocr_line' id='line_1_19' title="bbox 272 1990 1357 2073; baseline -0.002 -19"><span class='ocrx_word' id='word_1_150' title='bbox 272 1993 415 2054; x_wconf 91' lang='lat' dir='ltr'><strong>instituto</strong></span> <span class='ocrx_word' id='word_1_151' title='bbox 432 1990 528 2072; x_wconf 90' lang='lat' dir='ltr'><strong>[eum]</strong></span> <span class='ocrx_word' id='word_1_152' title='bbox 543 1992 598 2072; x_wconf 90' lang='lat' dir='ltr'><strong>qni</strong></span> <span class='ocrx_word' id='word_1_153' title='bbox 611 2002 776 2072; x_wconf 89' lang='lat' dir='ltr'><strong>acceperat</strong></span> <span class='ocrx_word' id='word_1_154' title='bbox 786 1992 993 2056; x_wconf 89' lang='lat' dir='ltr'><strong>substitutum</strong></span> <span class='ocrx_word' id='word_1_155' title='bbox 1006 1995 1137 2056; x_wconf 90' lang='lat' dir='ltr'><strong>euenire</strong></span> <span class='ocrx_word' id='word_1_156' title='bbox 1148 2011 1210 2054; x_wconf 94' lang='lat' dir='ltr'><strong>non</strong></span> <span class='ocrx_word' id='word_1_157' title='bbox 1222 1992 1357 2073; x_wconf 89' lang='lat' dir='ltr'><strong>poterit:</strong></span> 
     </span>
     <span class='ocr_line' id='line_1_20' title="bbox 272 2077 1008 2160; baseline 0.003 -20"><span class='ocrx_word' id='word_1_158' title='bbox 272 2077 402 2141; x_wconf 90' lang='lat' dir='ltr'><strong>diuersa</strong></span> <span class='ocrx_word' id='word_1_159' title='bbox 417 2079 502 2140; x_wconf 91' lang='lat' dir='ltr'><strong>enim</strong></span> <span class='ocrx_word' id='word_1_160' title='bbox 518 2097 613 2142; x_wconf 90' lang='lat' dir='ltr'><strong>causa</strong></span> <span class='ocrx_word' id='word_1_161' title='bbox 627 2087 676 2142; x_wconf 88' lang='lat' dir='ltr'><strong>est</strong></span> <span class='ocrx_word' id='word_1_162' title='bbox 690 2079 801 2160; x_wconf 86' lang='lat' dir='ltr'><strong>scripti</strong></span> <span class='ocrx_word' id='word_1_163' title='bbox 816 2087 849 2142; x_wconf 91' lang='lat' dir='ltr'><strong>et</strong></span> <span class='ocrx_word' id='word_1_164' title='bbox 862 2079 1008 2159; x_wconf 81' lang='lat' dir='ltr'><strong>legitimi.</strong></span> 
     </span>
    </p>
   </div>
   <div class='ocr_carea' id='block_1_3' title="bbox 457 2247 1412 2332">
    <p class='ocr_par' dir='ltr' id='par_1_3' title="bbox 457 2247 1412 2332">
     <span class='ocr_line' id='line_1_21' title="bbox 457 2247 1412 2332; baseline -0.006 -22"><span class='ocrx_word' id='word_1_165' title='bbox 457 2247 498 2330; x_wconf 85' lang='lat' dir='ltr'><strong>[rx</strong></span> <span class='ocrx_word' id='word_1_166' title='bbox 539 2268 579 2312; x_wconf 85' lang='lat' dir='ltr'><strong>m</strong></span> <span class='ocrx_word' id='word_1_167' title='bbox 600 2268 726 2312; x_wconf 75' lang='lat' dir='ltr'><strong>sermm</strong></span> <span class='ocrx_word' id='word_1_168' title='bbox 747 2269 917 2314; x_wconf 78' lang='lat' dir='ltr'><strong>consrcrmr</strong></span> <span class='ocrx_word' id='word_1_169' title='bbox 939 2250 1171 2332; x_wconf 68' lang='lat' dir='ltr'><strong>rueretrueret]</strong></span> <span class='ocrx_word' id='word_1_170' title='bbox 1375 2259 1412 2304; x_wconf 84' lang='grc'><strong>44</strong></span> 
     </span>
    </p>
   </div>
   <div class='ocr_carea' id='block_1_4' title="bbox 235 2367 1411 2880">
    <p class='ocr_par' dir='ltr' id='par_1_4' title="bbox 238 2367 1359 2536">
     <span class='ocr_line' id='line_1_22' title="bbox 238 2367 1354 2450; baseline 0.004 -25"><span class='ocrx_word' id='word_1_171' title='bbox 238 2367 249 2425; x_wconf 88' lang='grc'><strong>4</strong></span> <span class='ocrx_word' id='word_1_172' title='bbox 357 2371 472 2431; x_wconf 84' lang='lat' dir='ltr'><strong>Matres</strong></span> <span class='ocrx_word' id='word_1_173' title='bbox 492 2378 558 2431; x_wconf 87' lang='lat' dir='ltr'><strong>tam</strong></span> <span class='ocrx_word' id='word_1_174' title='bbox 579 2369 737 2448; x_wconf 79' lang='lat' dir='ltr'><strong>ingenuae</strong></span> <span class='ocrx_word' id='word_1_175' title='bbox 765 2388 861 2450; x_wconf 89' lang='lat' dir='ltr'><strong>quam</strong></span> <span class='ocrx_word' id='word_1_176' title='bbox 882 2368 1051 2432; x_wconf 89' lang='lat' dir='ltr'><strong>libertinae</strong></span> <span class='ocrx_word' id='word_1_177' title='bbox 1077 2372 1165 2432; x_wconf 87' lang='lat' dir='ltr'><strong>ciues</strong></span> <span class='ocrx_word' id='word_1_178' title='bbox 1184 2371 1354 2448; x_wconf 88' lang='lat' dir='ltr'><strong>Romanae,</strong></span> 
     </span>
     <span class='ocr_line' id='line_1_23' title="bbox 273 2453 1359 2536; baseline -0.001 -20"><span class='ocrx_word' id='word_1_179' title='bbox 273 2464 307 2516; x_wconf 91' lang='lat' dir='ltr'><strong>ut</strong></span> <span class='ocrx_word' id='word_1_180' title='bbox 323 2455 373 2516; x_wconf 89' lang='lat' dir='ltr'><strong>ius</strong></span> <span class='ocrx_word' id='word_1_181' title='bbox 395 2453 567 2516; x_wconf 91' lang='lat' dir='ltr'><strong>liberorum</strong></span> <span class='ocrx_word' id='word_1_182' title='bbox 583 2465 769 2517; x_wconf 89' lang='lat' dir='ltr'><strong>consecutae</strong></span> <span class='ocrx_word' id='word_1_183' title='bbox 789 2454 979 2534; x_wconf 91' lang='lat' dir='ltr'><strong>uideantur,</strong></span> <span class='ocrx_word' id='word_1_184' title='bbox 1003 2465 1054 2518; x_wconf 89' lang='lat' dir='ltr'><strong>ter</strong></span> <span class='ocrx_word' id='word_1_185' title='bbox 1075 2465 1108 2518; x_wconf 90' lang='lat' dir='ltr'><strong>et</strong></span> <span class='ocrx_word' id='word_1_186' title='bbox 1125 2465 1240 2536; x_wconf 89' lang='lat' dir='ltr'><strong>quater</strong></span> <span class='ocrx_word' id='word_1_187' title='bbox 1258 2473 1359 2535; x_wconf 89' lang='lat' dir='ltr'><strong>pepe-</strong></span> 
     </span>
    </p>

    <p class='ocr_par' dir='ltr' id='par_1_5' title="bbox 236 2539 1411 2796">
     <span class='ocr_line' id='line_1_24' title="bbox 236 2539 1358 2622; baseline 0.002 -24"><span class='ocrx_word' id='word_1_188' title='bbox 236 2540 254 2598; x_wconf 75' lang='lat'><strong>2</strong></span> <span class='ocrx_word' id='word_1_189' title='bbox 273 2543 353 2602; x_wconf 90' lang='lat' dir='ltr'><strong>risse</strong></span> <span class='ocrx_word' id='word_1_190' title='bbox 367 2539 495 2614; x_wconf 81' lang='lat' dir='ltr'><strong>sufficit,</strong></span> <span class='ocrx_word' id='word_1_191' title='bbox 514 2539 682 2602; x_wconf 90' lang='lat' dir='ltr'><strong>dummodo</strong></span> <span class='ocrx_word' id='word_1_192' title='bbox 696 2542 789 2603; x_wconf 89' lang='lat' dir='ltr'><strong>uiuos</strong></span> <span class='ocrx_word' id='word_1_193' title='bbox 804 2550 836 2602; x_wconf 93' lang='lat' dir='ltr'><strong>et</strong></span> <span class='ocrx_word' id='word_1_194' title='bbox 847 2541 935 2621; x_wconf 89' lang='lat' dir='ltr'><strong>pleni</strong></span> <span class='ocrx_word' id='word_1_195' title='bbox 946 2544 1097 2622; x_wconf 89' lang='lat' dir='ltr'><strong>temporis</strong></span> <span class='ocrx_word' id='word_1_196' title='bbox 1108 2543 1243 2622; x_wconf 90' lang='lat' dir='ltr'><strong>pariant.</strong></span> <span class='ocrx_word' id='word_1_197' title='bbox 1268 2541 1358 2614; x_wconf 87' lang='lat' dir='ltr'><strong>Quae</strong></span> 
     </span>
     <span class='ocr_line' id='line_1_25' title="bbox 273 2627 1358 2708; baseline 0.001 -21"><span class='ocrx_word' id='word_1_198' title='bbox 273 2627 371 2688; x_wconf 87' lang='lat' dir='ltr'><strong>semel</strong></span> <span class='ocrx_word' id='word_1_199' title='bbox 390 2646 454 2688; x_wconf 92' lang='lat' dir='ltr'><strong>uno</strong></span> <span class='ocrx_word' id='word_1_200' title='bbox 475 2635 567 2708; x_wconf 91' lang='lat' dir='ltr'><strong>partu</strong></span> <span class='ocrx_word' id='word_1_201' title='bbox 584 2635 647 2688; x_wconf 84' lang='lat' dir='ltr'><strong>tres</strong></span> <span class='ocrx_word' id='word_1_202' title='bbox 669 2627 749 2688; x_wconf 89' lang='lat' dir='ltr'><strong>filios</strong></span> <span class='ocrx_word' id='word_1_203' title='bbox 764 2627 881 2708; x_wconf 91' lang='lat' dir='ltr'><strong>edidit,</strong></span> <span class='ocrx_word' id='word_1_204' title='bbox 905 2629 955 2690; x_wconf 91' lang='lat' dir='ltr'><strong>ius</strong></span> <span class='ocrx_word' id='word_1_205' title='bbox 969 2627 1142 2690; x_wconf 88' lang='lat' dir='ltr'><strong>liberorum</strong></span> <span class='ocrx_word' id='word_1_206' title='bbox 1164 2646 1228 2688; x_wconf 92' lang='lat' dir='ltr'><strong>non</strong></span> <span class='ocrx_word' id='word_1_207' title='bbox 1245 2645 1358 2688; x_wconf 90' lang='lat' dir='ltr'><strong>consc-</strong></span> 
     </span>
     <span class='ocr_line' id='line_1_26' title="bbox 274 2711 1411 2796; baseline 0 -22"><span class='ocrx_word' id='word_1_208' title='bbox 274 2713 402 2794; x_wconf 89' lang='lat' dir='ltr'><strong>quitnr:</strong></span> <span class='ocrx_word' id='word_1_209' title='bbox 428 2731 491 2774; x_wconf 94' lang='lat' dir='ltr'><strong>non</strong></span> <span class='ocrx_word' id='word_1_210' title='bbox 513 2713 597 2774; x_wconf 88' lang='lat' dir='ltr'><strong>enim</strong></span> <span class='ocrx_word' id='word_1_211' title='bbox 620 2721 671 2774; x_wconf 91' lang='lat' dir='ltr'><strong>ter</strong></span> <span class='ocrx_word' id='word_1_212' title='bbox 690 2715 871 2794; x_wconf 90' lang='lat' dir='ltr'><strong>peperisse,</strong></span> <span class='ocrx_word' id='word_1_213' title='bbox 897 2712 954 2776; x_wconf 91' lang='lat' dir='ltr'><strong>sed</strong></span> <span class='ocrx_word' id='word_1_214' title='bbox 969 2714 1067 2776; x_wconf 90' lang='lat' dir='ltr'><strong>semel</strong></span> <span class='ocrx_word' id='word_1_215' title='bbox 1089 2723 1215 2796; x_wconf 89' lang='lat' dir='ltr'><strong>partum</strong></span> <span class='ocrx_word' id='word_1_216' title='bbox 1235 2711 1357 2774; x_wconf 90' lang='lat' dir='ltr'><strong>ludisse</strong></span> <span class='ocrx_word' id='word_1_217' title='bbox 1376 2719 1411 2769; x_wconf 77' lang='grc'><strong>44</strong></span> 
     </span>
    </p>

    <p class='ocr_par' dir='ltr' id='par_1_6' title="bbox 235 2798 1358 2880">
     <span class='ocr_line' id='line_1_27' title="bbox 235 2798 1358 2880; baseline 0.001 -23"><span class='ocrx_word' id='word_1_218' title='bbox 235 2798 253 2857; x_wconf 87' lang='grc'>3</span> <span class='ocrx_word' id='word_1_219' title='bbox 272 2799 419 2862; x_wconf 91' lang='lat' dir='ltr'><strong>uidetur:</strong></span> <span class='ocrx_word' id='word_1_220' title='bbox 437 2801 500 2860; x_wconf 92' lang='lat' dir='ltr'><strong>nisi</strong></span> <span class='ocrx_word' id='word_1_221' title='bbox 516 2798 595 2860; x_wconf 85' lang='lat' dir='ltr'><strong>forte</strong></span> <span class='ocrx_word' id='word_1_222' title='bbox 609 2817 670 2880; x_wconf 92' lang='lat' dir='ltr'><strong>per</strong></span> <span class='ocrx_word' id='word_1_223' title='bbox 683 2799 851 2862; x_wconf 89' lang='lat' dir='ltr'><strong>interualla</strong></span> <span class='ocrx_word' id='word_1_224' title='bbox 867 2801 980 2879; x_wconf 90' lang='lat' dir='ltr'><strong>pariat.</strong></span> <span class='ocrx_word' id='word_1_225' title='bbox 1009 2801 1120 2863; x_wconf 90' lang='lat' dir='ltr'><strong>llulier</strong></span> <span class='ocrx_word' id='word_1_226' title='bbox 1134 2801 1161 2862; x_wconf 91' lang='lat' dir='ltr'><strong>si</strong></span> <span class='ocrx_word' id='word_1_227' title='bbox 1176 2808 1358 2860; x_wconf 91' lang='lat' dir='ltr'><strong>monstruo-</strong></span> 
     </span>
    </p>
   </div>
   <div class='ocr_carea' id='block_1_5' title="bbox 274 2952 438 2967">
    <p class='ocr_par' dir='ltr' id='par_1_7' title="bbox 274 2952 438 2967">
     <span class='ocr_line' id='line_1_28' title="bbox 274 2952 438 2967; baseline 0.006 -2"><span class='ocrx_word' id='word_1_228' title='bbox 274 2952 438 2967; x_wconf 76' lang='grc' dir='ltr'>ΛΛΛΛΛΛΛΛΜ</span> 
     </span>
    </p>
   </div>
   <div class='ocr_carea' id='block_1_6' title="bbox 342 3037 779 3102">
    <p class='ocr_par' dir='ltr' id='par_1_8' title="bbox 342 3037 779 3102">
     <span class='ocr_line' id='line_1_29' title="bbox 342 3037 779 3102; baseline 0.002 -15"><span class='ocrx_word' id='word_1_229' title='bbox 342 3041 368 3100; x_wconf 80' lang='lat' dir='ltr'><strong>s,</strong></span> <span class='ocrx_word' id='word_1_230' title='bbox 382 3041 407 3087; x_wconf 83' lang='grc'><strong>4.</strong></span> <span class='ocrx_word' id='word_1_231' title='bbox 421 3040 435 3086; x_wconf 81' lang='lat' dir='ltr'><strong>t</strong></span> <span class='ocrx_word' id='word_1_232' title='bbox 449 3058 482 3082; x_wconf 87' lang='lat'>=</span> <span class='ocrx_word' id='word_1_233' title='bbox 496 3037 557 3102; x_wconf 68' lang='grc'><strong>44.</strong></span> <span class='ocrx_word' id='word_1_234' title='bbox 572 3041 597 3100; x_wconf 81' lang='lat' dir='ltr'><strong>r,</strong></span> <span class='ocrx_word' id='word_1_235' title='bbox 611 3041 637 3100; x_wconf 78' lang='lat' dir='ltr'><strong>s,</strong></span> <span class='ocrx_word' id='word_1_236' title='bbox 653 3040 683 3088; x_wconf 81' lang='lat' dir='ltr'><strong>rt</strong></span> <span class='ocrx_word' id='word_1_237' title='bbox 700 3038 735 3099; x_wconf 75' lang='lat' dir='ltr'><strong>(o.</strong></span> <span class='ocrx_word' id='word_1_238' title='bbox 749 3040 779 3100; x_wconf 79' lang='grc' dir='ltr'>ι’.)</span> 
     </span>
    </p>
   </div>
   <div class='ocr_carea' id='block_1_7' title="bbox 273 3260 1360 4219">
    <p class='ocr_par' dir='ltr' id='par_1_9' title="bbox 273 3260 1360 4219">
     <span class='ocr_line' id='line_1_30' title="bbox 345 3260 1356 3321; baseline 0.002 -13"><span class='ocrx_word' id='word_1_239' title='bbox 345 3263 354 3308; x_wconf 90' lang='grc'><strong>4</strong></span> <span class='ocrx_word' id='word_1_240' title='bbox 376 3260 493 3310; x_wconf 87' lang='lat' dir='ltr'><strong>uoconia</strong></span> <span class='ocrx_word' id='word_1_241' title='bbox 505 3261 662 3310; x_wconf 88' lang='lat' dir='ltr'><strong>narratione</strong></span> <span class='ocrx_word' id='word_1_242' title='bbox 674 3261 779 3318; x_wconf 83' lang='lat' dir='ltr'><strong>codices,</strong></span> <span class='ocrx_word' id='word_1_243' title='bbox 798 3260 917 3310; x_wconf 87' lang='lat' dir='ltr'><strong>necocia</strong></span> <span class='ocrx_word' id='word_1_244' title='bbox 929 3261 1063 3311; x_wconf 87' lang='lat' dir='ltr'><strong>rationem</strong></span> <span class='ocrx_word' id='word_1_245' title='bbox 1080 3260 1169 3321; x_wconf 70' lang='grc'><strong>04444),</strong></span> <span class='ocrx_word' id='word_1_246' title='bbox 1188 3260 1356 3310; x_wconf 85' lang='lat' dir='ltr'><strong>coniuratio·</strong></span> 
     </span>
     <span class='ocr_line' id='line_1_31' title="bbox 274 3323 1359 3394; baseline 0 -16"><span class='ocrx_word' id='word_1_247' title='bbox 274 3340 337 3378; x_wconf 89' lang='lat' dir='ltr'><strong>nem</strong></span> <span class='ocrx_word' id='word_1_248' title='bbox 353 3327 440 3379; x_wconf 66' lang='lat' dir='ltr'><strong>Cottit</strong></span> <span class='ocrx_word' id='word_1_249' title='bbox 469 3327 480 3391; x_wconf 85' lang='grc' dir='ltr'><strong>ΙΙ</strong></span> <span class='ocrx_word' id='word_1_250' title='bbox 510 3327 850 3392; x_wconf 69' lang='lat' dir='ltr'><strong>tnulh1sineulladoti.</strong></span> <span class='ocrx_word' id='word_1_251' title='bbox 882 3329 893 3392; x_wconf 78' lang='lat' dir='ltr'>u</span> <span class='ocrx_word' id='word_1_252' title='bbox 922 3328 1061 3393; x_wconf 83' lang='lat' dir='ltr'><strong>cognatos]</strong></span> <span class='ocrx_word' id='word_1_253' title='bbox 1076 3333 1195 3390; x_wconf 69' lang='lat' dir='ltr'><strong>ceperim</strong></span> <span class='ocrx_word' id='word_1_254' title='bbox 1206 3331 1319 3392; x_wconf 85' lang='lat' dir='ltr'><strong>agnatos</strong></span> <span class='ocrx_word' id='word_1_255' title='bbox 1347 3323 1359 3394; x_wconf 74' lang='lat' dir='ltr'>ss</span> 
     </span>
     <span class='ocr_line' id='line_1_32' title="bbox 275 3395 1357 3461; baseline -0.002 -13"><span class='ocrx_word' id='word_1_256' title='bbox 275 3401 289 3448; x_wconf 80' lang='grc'><strong>4</strong></span> <span class='ocrx_word' id='word_1_257' title='bbox 308 3397 410 3448; x_wconf 88' lang='lat' dir='ltr'><strong>omissa</strong></span> <span class='ocrx_word' id='word_1_258' title='bbox 422 3401 511 3448; x_wconf 78' lang='lat' dir='ltr'><strong>turtur</strong></span> <span class='ocrx_word' id='word_1_259' title='bbox 522 3397 713 3458; x_wconf 76' lang='lat' dir='ltr'><strong>interpretatio,</strong></span> <span class='ocrx_word' id='word_1_260' title='bbox 733 3398 823 3447; x_wconf 89' lang='lat' dir='ltr'><strong>omnis</strong></span> <span class='ocrx_word' id='word_1_261' title='bbox 838 3395 976 3448; x_wconf 61' lang='grc' dir='ltr'><strong>04444444.β</strong></span> <span class='ocrx_word' id='word_1_262' title='bbox 993 3398 1074 3461; x_wconf 81' lang='lat' dir='ltr'><strong>suerit</strong></span> <span class='ocrx_word' id='word_1_263' title='bbox 1089 3397 1201 3459; x_wconf 74' lang='lat' dir='ltr'><strong>fortusse</strong></span> <span class='ocrx_word' id='word_1_264' title='bbox 1218 3398 1283 3461; x_wconf 83' lang='lat' dir='ltr'><strong>quin</strong></span> <span class='ocrx_word' id='word_1_265' title='bbox 1301 3409 1357 3446; x_wconf 93' lang='lat' dir='ltr'><strong>non</strong></span> 
     </span>
     <span class='ocr_line' id='line_1_33' title="bbox 274 3464 1359 3530; baseline 0 -14"><span class='ocrx_word' id='word_1_266' title='bbox 274 3466 328 3516; x_wconf 85' lang='lat' dir='ltr'><strong>nisi</strong></span> <span class='ocrx_word' id='word_1_267' title='bbox 340 3466 500 3530; x_wconf 87' lang='lat' dir='ltr'><strong>proximiori</strong></span> <span class='ocrx_word' id='word_1_268' title='bbox 512 3466 651 3516; x_wconf 86' lang='lat' dir='ltr'><strong>successio</strong></span> <span class='ocrx_word' id='word_1_269' title='bbox 664 3464 786 3516; x_wconf 72' lang='lat' dir='ltr'><strong>delemur</strong></span> <span class='ocrx_word' id='word_1_270' title='bbox 814 3465 826 3530; x_wconf 87' lang='grc' dir='ltr'><strong>[Ι</strong></span> <span class='ocrx_word' id='word_1_271' title='bbox 862 3469 893 3516; x_wconf 83' lang='grc'><strong>44</strong></span> <span class='ocrx_word' id='word_1_272' title='bbox 912 3480 975 3516; x_wconf 91' lang='lat' dir='ltr'><strong>eum</strong></span> <span class='ocrx_word' id='word_1_273' title='bbox 987 3468 1037 3517; x_wconf 82' lang='lat' dir='ltr'><strong>dri.</strong></span> <span class='ocrx_word' id='word_1_274' title='bbox 1052 3466 1135 3516; x_wconf 80' lang='lat' dir='ltr'><strong>Faber</strong></span> <span class='ocrx_word' id='word_1_275' title='bbox 1168 3465 1181 3528; x_wconf 80' lang='lat' dir='ltr'><strong>h</strong></span> <span class='ocrx_word' id='word_1_276' title='bbox 1216 3468 1249 3517; x_wconf 83' lang='grc'><strong>44</strong></span> <span class='ocrx_word' id='word_1_277' title='bbox 1266 3466 1359 3516; x_wconf 75' lang='lat' dir='ltr'><strong>nibri-</strong></span> 
     </span>
     <span class='ocr_line' id='line_1_34' title="bbox 275 3531 1358 3604; baseline 0 -20"><span class='ocrx_word' id='word_1_278' title='bbox 275 3547 332 3584; x_wconf 85' lang='lat' dir='ltr'><strong>ccm</strong></span> <span class='ocrx_word' id='word_1_279' title='bbox 340 3539 400 3596; x_wconf 80' lang='lat' dir='ltr'><strong>port</strong></span> <span class='ocrx_word' id='word_1_280' title='bbox 412 3531 425 3598; x_wconf 68' lang='grc'><strong>5</strong></span> <span class='ocrx_word' id='word_1_281' title='bbox 438 3537 452 3583; x_wconf 84' lang='grc'><strong>4</strong></span> <span class='ocrx_word' id='word_1_282' title='bbox 471 3535 597 3584; x_wconf 76' lang='lat' dir='ltr'><strong>collocem</strong></span> <span class='ocrx_word' id='word_1_283' title='bbox 613 3536 720 3594; x_wconf 76' lang='lat' dir='ltr'><strong>codices,</strong></span> <span class='ocrx_word' id='word_1_284' title='bbox 740 3535 799 3584; x_wconf 78' lang='lat' dir='ltr'><strong>huic</strong></span> <span class='ocrx_word' id='word_1_285' title='bbox 816 3535 871 3604; x_wconf 76' lang='lat' dir='ltr'><strong>loco</strong></span> <span class='ocrx_word' id='word_1_286' title='bbox 882 3538 995 3586; x_wconf 78' lang='lat' dir='ltr'><strong>restituit</strong></span> <span class='ocrx_word' id='word_1_287' title='bbox 1010 3535 1145 3597; x_wconf 66' lang='lat' dir='ltr'><strong>coiacus:</strong></span> <span class='ocrx_word' id='word_1_288' title='bbox 1164 3535 1199 3585; x_wconf 90' lang='lat' dir='ltr'><strong>de</strong></span> <span class='ocrx_word' id='word_1_289' title='bbox 1212 3536 1358 3584; x_wconf 87' lang='lat' dir='ltr'><strong>intestato-</strong></span> 
     </span>
     <span class='ocr_line' id='line_1_35' title="bbox 274 3602 1359 3666; baseline -0.002 -12"><span class='ocrx_word' id='word_1_290' title='bbox 274 3615 336 3654; x_wconf 90' lang='lat' dir='ltr'><strong>rum</strong></span> <span class='ocrx_word' id='word_1_291' title='bbox 354 3602 576 3654; x_wconf 85' lang='lat' dir='ltr'><strong>successionibus</strong></span> <span class='ocrx_word' id='word_1_292' title='bbox 593 3602 627 3653; x_wconf 89' lang='lat' dir='ltr'><strong>ad</strong></span> <span class='ocrx_word' id='word_1_293' title='bbox 645 3605 756 3654; x_wconf 85' lang='lat' dir='ltr'><strong>senatus</strong></span> <span class='ocrx_word' id='word_1_294' title='bbox 774 3615 851 3654; x_wconf 87' lang='lat' dir='ltr'><strong>cons.</strong></span> <span class='ocrx_word' id='word_1_295' title='bbox 869 3607 931 3654; x_wconf 89' lang='lat' dir='ltr'><strong>tert.</strong></span> <span class='ocrx_word' id='word_1_296' title='bbox 951 3603 1007 3654; x_wconf 72' lang='lat' dir='ltr'><strong>Leo</strong></span> <span class='ocrx_word' id='word_1_297' title='bbox 1025 3604 1096 3654; x_wconf 79' lang='lat' dir='ltr'><strong>Rom.</strong></span> <span class='ocrx_word' id='word_1_298' title='bbox 1118 3604 1199 3666; x_wconf 67' lang='lat' dir='ltr'><strong>Bura.</strong></span> <span class='ocrx_word' id='word_1_299' title='bbox 1220 3606 1263 3663; x_wconf 83' lang='grc'><strong>44,</strong></span> <span class='ocrx_word' id='word_1_300' title='bbox 1278 3606 1308 3652; x_wconf 79' lang='lat' dir='ltr'><strong>t:</strong></span> <span class='ocrx_word' id='word_1_301' title='bbox 1328 3605 1359 3654; x_wconf 78' lang='lat' dir='ltr'><strong>io</strong></span> 
     </span>
     <span class='ocr_line' id='line_1_36' title="bbox 273 3672 1358 3734; baseline -0.002 -10"><span class='ocrx_word' id='word_1_302' title='bbox 273 3672 419 3734; x_wconf 77' lang='lat' dir='ltr'><strong>Appendice</strong></span> <span class='ocrx_word' id='word_1_303' title='bbox 432 3675 457 3734; x_wconf 89' lang='lat' dir='ltr'><strong>t,</strong></span> <span class='ocrx_word' id='word_1_304' title='bbox 472 3675 497 3722; x_wconf 83' lang='lat'><strong>8.</strong></span> <span class='ocrx_word' id='word_1_305' title='bbox 514 3675 544 3720; x_wconf 83' lang='grc'><strong>47</strong></span> <span class='ocrx_word' id='word_1_306' title='bbox 563 3684 595 3722; x_wconf 83' lang='lat' dir='ltr'><strong>co</strong></span> <span class='ocrx_word' id='word_1_307' title='bbox 612 3685 678 3734; x_wconf 77' lang='lat' dir='ltr'><strong>quoe</strong></span> <span class='ocrx_word' id='word_1_308' title='bbox 695 3673 769 3722; x_wconf 86' lang='lat' dir='ltr'><strong>tituto</strong></span> <span class='ocrx_word' id='word_1_309' title='bbox 781 3673 806 3722; x_wconf 84' lang='lat' dir='ltr'><strong><em>X</em></strong></span> <span class='ocrx_word' id='word_1_310' title='bbox 818 3673 1155 3724; x_wconf 59' lang='lat' dir='ltr'><strong>eminenterrubnrhriro</strong></span> <span class='ocrx_word' id='word_1_311' title='bbox 1166 3672 1201 3722; x_wconf 92' lang='lat' dir='ltr'><strong>de</strong></span> <span class='ocrx_word' id='word_1_312' title='bbox 1213 3673 1358 3724; x_wconf 87' lang='lat' dir='ltr'><strong>intestato-</strong></span> 
     </span>
     <span class='ocr_line' id='line_1_37' title="bbox 274 3739 1358 3804; baseline -0.002 -12"><span class='ocrx_word' id='word_1_313' title='bbox 274 3754 336 3792; x_wconf 85' lang='lat' dir='ltr'><strong>rum</strong></span> <span class='ocrx_word' id='word_1_314' title='bbox 347 3739 545 3791; x_wconf 87' lang='lat' dir='ltr'><strong>hereditatibus</strong></span> <span class='ocrx_word' id='word_1_315' title='bbox 556 3742 671 3792; x_wconf 77' lang='grc'><strong>44444444·</strong></span> <span class='ocrx_word' id='word_1_316' title='bbox 710 3739 722 3804; x_wconf 74' lang='lat' dir='ltr'>u</span> <span class='ocrx_word' id='word_1_317' title='bbox 763 3743 794 3790; x_wconf 83' lang='grc'><strong>44</strong></span> <span class='ocrx_word' id='word_1_318' title='bbox 813 3739 1132 3802; x_wconf 60' lang='lat' dir='ltr'><strong>succensendum</strong></span> <span class='ocrx_word' id='word_1_319' title='bbox 1170 3740 1182 3803; x_wconf 77' lang='grc' dir='ltr'><strong>ΙΙ</strong></span> <span class='ocrx_word' id='word_1_320' title='bbox 1224 3743 1255 3790; x_wconf 92' lang='grc'><strong>44</strong></span> <span class='ocrx_word' id='word_1_321' title='bbox 1275 3739 1358 3792; x_wconf 90' lang='lat' dir='ltr'><strong>simul</strong></span> 
     </span>
     <span class='ocr_line' id='line_1_38' title="bbox 275 3806 1357 3874; baseline -0.002 -14"><span class='ocrx_word' id='word_1_322' title='bbox 275 3809 358 3860; x_wconf 81' lang='lat' dir='ltr'><strong>Faber</strong></span> <span class='ocrx_word' id='word_1_323' title='bbox 385 3808 397 3872; x_wconf 79' lang='lat' dir='ltr'><strong>ll</strong></span> <span class='ocrx_word' id='word_1_324' title='bbox 426 3812 482 3860; x_wconf 89' lang='lat' dir='ltr'><strong>tres</strong></span> <span class='ocrx_word' id='word_1_325' title='bbox 497 3809 626 3868; x_wconf 72' lang='grc'><strong>04444444,</strong></span> <span class='ocrx_word' id='word_1_326' title='bbox 640 3813 697 3860; x_wconf 89' lang='lat' dir='ltr'><strong>tres</strong></span> <span class='ocrx_word' id='word_1_327' title='bbox 707 3808 753 3860; x_wconf 92' lang='lat' dir='ltr'><strong>uel</strong></span> <span class='ocrx_word' id='word_1_328' title='bbox 764 3808 835 3860; x_wconf 89' lang='lat' dir='ltr'><strong>duos</strong></span> <span class='ocrx_word' id='word_1_329' title='bbox 846 3811 945 3860; x_wconf 78' lang='lat' dir='ltr'><strong>codices</strong></span> <span class='ocrx_word' id='word_1_330' title='bbox 972 3809 984 3873; x_wconf 80' lang='grc' dir='ltr'>Ι</span> <span class='ocrx_word' id='word_1_331' title='bbox 1014 3812 1131 3872; x_wconf 73' lang='grc'><strong>44-4.</strong></span> <span class='ocrx_word' id='word_1_332' title='bbox 1147 3806 1357 3874; x_wconf 49' lang='lat' dir='ltr'><strong>instillat</strong></span> 
     </span>
     <span class='ocr_line' id='line_1_39' title="bbox 274 3876 1359 3942; baseline 0 -14"><span class='ocrx_word' id='word_1_333' title='bbox 274 3880 301 3928; x_wconf 77' lang='lat' dir='ltr'><strong>ia</strong></span> <span class='ocrx_word' id='word_1_334' title='bbox 313 3877 374 3940; x_wconf 77' lang='lat' dir='ltr'><strong>Dip.</strong></span> <span class='ocrx_word' id='word_1_335' title='bbox 387 3880 426 3928; x_wconf 80' lang='lat' dir='ltr'><strong>ric</strong></span> <span class='ocrx_word' id='word_1_336' title='bbox 436 3879 574 3942; x_wconf 63' lang='lat' dir='ltr'><strong>Moratur:</strong></span> <span class='ocrx_word' id='word_1_337' title='bbox 587 3891 642 3931; x_wconf 87' lang='lat' dir='ltr'><strong>non</strong></span> <span class='ocrx_word' id='word_1_338' title='bbox 654 3881 719 3930; x_wconf 89' lang='lat' dir='ltr'><strong>sunt</strong></span> <span class='ocrx_word' id='word_1_339' title='bbox 730 3877 819 3940; x_wconf 90' lang='lat' dir='ltr'><strong>liberi,</strong></span> <span class='ocrx_word' id='word_1_340' title='bbox 831 3879 879 3942; x_wconf 90' lang='lat' dir='ltr'><strong>qui</strong></span> <span class='ocrx_word' id='word_1_341' title='bbox 891 3879 988 3932; x_wconf 83' lang='lat' dir='ltr'><strong>contra</strong></span> <span class='ocrx_word' id='word_1_342' title='bbox 999 3876 1115 3930; x_wconf 91' lang='lat' dir='ltr'><strong>lormam</strong></span> <span class='ocrx_word' id='word_1_343' title='bbox 1126 3878 1239 3928; x_wconf 86' lang='lat' dir='ltr'><strong>hnmani</strong></span> <span class='ocrx_word' id='word_1_344' title='bbox 1250 3879 1359 3942; x_wconf 83' lang='lat' dir='ltr'><strong>generis</strong></span> 
     </span>
     <span class='ocr_line' id='line_1_40' title="bbox 275 3946 1360 4012; baseline 0 -16"><span class='ocrx_word' id='word_1_345' title='bbox 275 3959 409 3996; x_wconf 90' lang='lat' dir='ltr'><strong>conuerso</strong></span> <span class='ocrx_word' id='word_1_346' title='bbox 422 3960 497 3998; x_wconf 90' lang='lat' dir='ltr'><strong>more</strong></span> <span class='ocrx_word' id='word_1_347' title='bbox 509 3949 702 4012; x_wconf 87' lang='lat' dir='ltr'><strong>procreantur:</strong></span> <span class='ocrx_word' id='word_1_348' title='bbox 723 3947 810 3996; x_wconf 89' lang='lat' dir='ltr'><strong>ueluti</strong></span> <span class='ocrx_word' id='word_1_349' title='bbox 827 3947 851 3997; x_wconf 88' lang='lat' dir='ltr'><strong>si</strong></span> <span class='ocrx_word' id='word_1_350' title='bbox 869 3947 968 3997; x_wconf 89' lang='lat' dir='ltr'><strong>mulier</strong></span> <span class='ocrx_word' id='word_1_351' title='bbox 984 3950 1171 3998; x_wconf 89' lang='lat' dir='ltr'><strong>monstrosum</strong></span> <span class='ocrx_word' id='word_1_352' title='bbox 1188 3946 1293 4010; x_wconf 87' lang='lat' dir='ltr'><strong>aliquid</strong></span> <span class='ocrx_word' id='word_1_353' title='bbox 1311 3949 1360 3996; x_wconf 91' lang='lat' dir='ltr'><strong>ant</strong></span> 
     </span>
     <span class='ocr_line' id='line_1_41' title="bbox 273 4013 1359 4080; baseline 0 -16"><span class='ocrx_word' id='word_1_354' title='bbox 273 4013 460 4080; x_wconf 87' lang='lat' dir='ltr'><strong>prodigiosum</strong></span> <span class='ocrx_word' id='word_1_355' title='bbox 472 4016 551 4065; x_wconf 86' lang='lat' dir='ltr'><strong>enixa</strong></span> <span class='ocrx_word' id='word_1_356' title='bbox 564 4016 607 4066; x_wconf 90' lang='lat' dir='ltr'><strong>sit.</strong></span> <span class='ocrx_word' id='word_1_357' title='bbox 638 4018 733 4080; x_wconf 88' lang='lat' dir='ltr'><strong>partus</strong></span> <span class='ocrx_word' id='word_1_358' title='bbox 744 4018 845 4076; x_wconf 83' lang='lat' dir='ltr'><strong>autem,</strong></span> <span class='ocrx_word' id='word_1_359' title='bbox 865 4016 912 4079; x_wconf 83' lang='lat' dir='ltr'><strong>qni</strong></span> <span class='ocrx_word' id='word_1_360' title='bbox 924 4015 1111 4066; x_wconf 90' lang='lat' dir='ltr'><strong>membrorum</strong></span> <span class='ocrx_word' id='word_1_361' title='bbox 1123 4015 1307 4066; x_wconf 89' lang='lat' dir='ltr'><strong>humanorum</strong></span> <span class='ocrx_word' id='word_1_362' title='bbox 1319 4014 1359 4065; x_wconf 86' lang='lat' dir='ltr'><strong>ci·</strong></span> 
     </span>
     <span class='ocr_line' id='line_1_42' title="bbox 274 4081 1359 4146; baseline 0 -12"><span class='ocrx_word' id='word_1_363' title='bbox 274 4081 336 4134; x_wconf 84' lang='lat' dir='ltr'><strong>ficia</strong></span> <span class='ocrx_word' id='word_1_364' title='bbox 348 4084 500 4146; x_wconf 82' lang='lat' dir='ltr'><strong>ampliauit,</strong></span> <span class='ocrx_word' id='word_1_365' title='bbox 520 4084 692 4146; x_wconf 86' lang='lat' dir='ltr'><strong>aliquatenus</strong></span> <span class='ocrx_word' id='word_1_366' title='bbox 710 4083 820 4134; x_wconf 91' lang='lat' dir='ltr'><strong>uidetur</strong></span> <span class='ocrx_word' id='word_1_367' title='bbox 837 4084 950 4136; x_wconf 77' lang='lat' dir='ltr'><strong>effeetus</strong></span> <span class='ocrx_word' id='word_1_368' title='bbox 967 4087 993 4135; x_wconf 90' lang='lat' dir='ltr'><strong>et</strong></span> <span class='ocrx_word' id='word_1_369' title='bbox 1011 4084 1074 4136; x_wconf 90' lang='lat' dir='ltr'><strong>ideo</strong></span> <span class='ocrx_word' id='word_1_370' title='bbox 1093 4086 1163 4136; x_wconf 86' lang='lat' dir='ltr'><strong>inter</strong></span> <span class='ocrx_word' id='word_1_371' title='bbox 1174 4083 1277 4136; x_wconf 87' lang='lat' dir='ltr'><strong>liberos</strong></span> <span class='ocrx_word' id='word_1_372' title='bbox 1289 4097 1359 4134; x_wconf 90' lang='lat' dir='ltr'><strong>con-</strong></span> 
     </span>
     <span class='ocr_line' id='line_1_43' title="bbox 275 4151 1359 4219; baseline 0.005 -18"><span class='ocrx_word' id='word_1_373' title='bbox 275 4151 478 4203; x_wconf 82' lang='lat' dir='ltr'><strong>numerabitur:</strong></span> <span class='ocrx_word' id='word_1_374' title='bbox 494 4151 527 4214; x_wconf 68' lang='grc' dir='ltr'><strong>σί.</strong></span> <span class='ocrx_word' id='word_1_375' title='bbox 538 4152 625 4214; x_wconf 76' lang='lat' dir='ltr'><strong>prees.</strong></span> <span class='ocrx_word' id='word_1_376' title='bbox 637 4165 663 4214; x_wconf 85' lang='lat' dir='ltr'><strong>p.</strong></span> <span class='ocrx_word' id='word_1_377' title='bbox 677 4155 710 4202; x_wconf 85' lang='grc'><strong>44</strong></span> <span class='ocrx_word' id='word_1_378' title='bbox 739 4151 751 4215; x_wconf 89' lang='grc' dir='ltr'><strong>ΙΙ</strong></span> <span class='ocrx_word' id='word_1_379' title='bbox 781 4155 813 4203; x_wconf 82' lang='grc'><strong>46</strong></span> <span class='ocrx_word' id='word_1_380' title='bbox 826 4156 1001 4204; x_wconf 90' lang='lat' dir='ltr'><strong>monstruoso</strong></span> <span class='ocrx_word' id='word_1_381' title='bbox 1013 4167 1038 4204; x_wconf 86' lang='grc'><strong>4.</strong></span> <span class='ocrx_word' id='word_1_382' title='bbox 1053 4167 1079 4204; x_wconf 88' lang='lat' dir='ltr'><strong>a.</strong></span> <span class='ocrx_word' id='word_1_383' title='bbox 1092 4153 1359 4219; x_wconf 78' lang='lat' dir='ltr'><strong>prodigiosoccdicrr</strong></span> 
     </span>
    </p>
   </div>
   <div class='ocr_carea' id='block_1_8' title="bbox 0 0 1542 4826">
    <p class='ocr_par' dir='ltr' id='par_1_10' title="bbox 0 0 1542 4826">
     <span class='ocr_line' id='line_1_44' title="bbox 0 0 1542 4826; baseline 0 0"><span class='ocrx_word' id='word_1_384' title='bbox 0 0 1542 4826; x_wconf 95' lang='lat' dir='ltr'><strong> </strong></span> 
     </span>
    </p>
   </div>
  </div>
 </body>
</html>
