3066 4826
255 318 330 368 aaut.
344 319 377 377 v,
391 321 433 367 aa.
448 319 479 366 ιι
635 351 721 362 ...
768 317 827 379 136
850 259 958 364 ⁰..-

366 504 471 587 [xxxin
515 525 552 566 DE
576 525 764 568 cavalonlnvs
789 525 823 568 ET
846 526 949 568 1³01!le
970 507 1220 587 APPRLLATIONW]

219 629 230 687 l
341 627 385 687 Ne
397 625 533 687 liberum
542 627 613 705 quis
622 635 654 686 et
665 624 1338 689 solutumhaheretarbitriumretractandae

255 720 286 774 et
303 711 499 774 reuocandae
511 713 685 774 sententiae
697 759 703 789 ,
723 723 754 774 et
766 732 885 792 poenae
898 723 929 774 et
941 723 1080 794 tempora
1091 711 1339 792 appellatoribus

254 799 441 877 praestituta
464 806 548 859 sunt.
596 797 681 878 quod
696 799 758 860 nisi
773 800 855 860 iuste
871 799 1118 879 appellauerint,
1143 807 1283 877 tempora
1297 798 1340 859 ad

253 882 433 946 cauendum
449 885 482 945 in
498 902 599 964 poena
614 885 833 966 appellationis
849 887 991 965 quinque
1013 883 1138 948 dierum
1155 886 1339 962 praestituta
1358 896 1372 941 5

252 977 339 1034 sunt.
364 971 459 1051 igitur
473 988 596 1032 morans
613 971 644 1030 in
662 989 697 1032 eo
713 971 798 1049 loco,
819 970 874 1033 ubi
888 972 1080 1052 appellauit,
1098 989 1210 1034 cauere
1226 968 1335 1047 debet,

252 1065 288 1118 ut
300 1075 340 1118 ex
349 1054 403 1118 die
415 1064 613 1135 acceptarum
628 1057 802 1119 litterarum
817 1059 958 1119 continui
970 1059 1111 1138 quinque
1126 1056 1195 1118 dies
1207 1075 1338 1135 compu-

251 1151 374 1204 tentur:
395 1143 422 1204 si
442 1161 518 1204 uero
534 1141 670 1222 longius⁷
688 1143 776 1224 salua
788 1141 1040 1206 dinumeratione
1052 1144 1181 1206 interim
1195 1144 1339 1223 quinque

167 1271 169 1279 ι
215 1231 234 1292 ι
253 1227 323 1290 dies
338 1247 410 1290 cum
426 1247 462 1292 eo
478 1229 546 1309 ipso
562 1247 623 1307 quo
639 1229 758 1290 litteras
774 1231 932 1310 acceperit
948 1238 1179 1310 computantur.
1205 1230 1249 1290 Ne
1265 1231 1339 1308 quis

253 1315 288 1379 in
307 1315 482 1394 captionem
505 1313 676 1376 uerborum
697 1316 731 1376 in
748 1314 888 1377 cauendo
904 1315 1037 1394 incidat,
1063 1314 1338 1396 expeditissimum
1360 1331 1391 1376 tt

253 1409 301 1463 est
322 1419 458 1480 poenam
479 1401 586 1480 ipsam,
600 1401 653 1462 uel
674 1399 754 1480 quid
768 1400 856 1463 aliud
871 1420 927 1482 pro
951 1421 989 1464 ea
1004 1400 1181 1482 deponere:
1207 1419 1338 1462 necesse

253 1487 340 1548 enim
362 1504 425 1547 non
447 1485 542 1561 habet
568 1504 751 1567 sponsorem
773 1489 845 1567 quis
867 1488 921 1550 uel
942 1487 1159 1550 fideiussorem
1186 1485 1262 1549 dare
1284 1496 1339 1548 aut

252 1590 403 1652 praesens
425 1591 516 1634 esse:
537 1581 569 1633 et
591 1573 617 1633 si
639 1582 747 1636 contra
762 1592 833 1634 eum
849 1571 944 1636 fuerit
960 1575 1211 1654 pronuntiatum,
1232 1571 1338 1653 perdit

214 1657 339 1738 equod
367 1657 525 1738 deposuit.
579 1659 731 1732 Quotiens
758 1661 790 1720 in
816 1679 918 1740 poena
937 1659 1166 1741 appellationis
1192 1669 1335 1736 cauetur,

252 1752 317 1805 tam
339 1763 424 1806 unus
445 1763 539 1824 quam
561 1745 669 1825 plures
685 1744 897 1824 fideiussores,
916 1749 942 1808 si
958 1745 1067 1808 idonei
1083 1747 1162 1824 siut,
1181 1745 1249 1807 dari
1264 1763 1340 1825 pos·
1359 1761 1391 1807 ta

253 1838 343 1891 sunt:
363 1829 479 1892 sufficit
490 1832 575 1892 enim
588 1831 682 1892 etiam
698 1849 866 1912 perunum
882 1831 1033 1894 idoneum
1048 1830 1252 1893 indemnitati
1260 1850 1339 1911 poe-

214 1915 313 1980 inae
336 1917 467 1978 consuli.
515 1917 548 1977 Si
570 1917 677 1996 plures
699 1918 878 1998 appellant,
902 1937 967 1980 una
983 1918 1085 1980 cautio
1102 1916 1236 1994 sufficit,
1264 1925 1295 1978 et
1311 1918 1337 1977 si

214 2005 234 2063 5
254 2021 338 2064 unus
353 2011 473 2079 canent,
492 2001 640 2064 omnibus
655 2003 766 2064 uincit.
792 2004 871 2066 (lum
887 2023 905 2066 a
920 2003 1067 2084 pluribus
1083 2004 1249 2065 sententiis
1264 2021 1339 2083 pro-

253 2095 393 2166 uocatur,
413 2088 555 2168 singulae
568 2090 729 2150 cautiones
744 2089 919 2170 exigendae
935 2099 1009 2152 sunt
1021 2098 1052 2150 et
1064 2089 1103 2151 de
1116 2090 1251 2170 singulis
1260 2108 1340 2169 poe-

215 2178 234 2234 6
254 2175 304 2234 uis
319 2173 541 2253 spondendum
557 2183 615 2234 est.
662 2174 770 2236 Modus
785 2193 917 2256 poenae,
937 2177 970 2237 in
987 2193 1050 2256 qua
1065 2177 1138 2256 quis
1153 2193 1266 2238 cauere
1281 2173 1340 2236 de-
1358 2187 1390 2234 ιι

254 2257 325 2336 bet,
351 2259 533 2340 specialiter
547 2261 580 2320 in
597 2261 741 2321 cautione
756 2261 984 2341 exprimendus
1001 2270 1066 2340 est,
1092 2263 1198 2340 nteit,
1225 2263 1258 2321 in
1276 2279 1338 2340 qua

182 2364 188 2384 ¹
253 2345 414 2424 stipulatio
430 2347 656 2407 committatur:
676 2347 769 2407 aliter
781 2349 866 2408 enim
882 2358 965 2410 recte
978 2349 1100 2409 cauisse
1116 2360 1177 2408 non
1195 2346 1336 2409 uidetur.

213 2433 234 2494 'i
253 2428 437 2492 Adsertorsi
449 2441 607 2511 prouocet,
624 2433 657 2492 in
669 2432 739 2494 eius
751 2432 835 2494 modi
847 2436 971 2494 tertiam
980 2453 1092 2495 cauere
1105 2431 1212 2511 debet,
1227 2433 1339 2513 quanti

214 2521 234 2577 8
254 2534 345 2577 eausa
368 2517 532 2578 aestimata
552 2527 609 2578 est.
656 2517 709 2579 l*ln
733 2519 879 2581 omnihus
900 2521 1092 2600 pecuniariis
1114 2520 1217 2580 causis
1240 2520 1340 2598 magis

191 2613 195 2620 ’
253 2599 331 2681 *est
351 2611 386 2664 ut
403 2603 435 2663 in
451 2603 577 2664 tertiam
593 2612 716 2684 partem
733 2606 802 2666 eius
818 2607 971 2698 pecuniae
988 2602 1168 2668 caueatur*
1357 2616 1391 2664 ιι

527 2791 623 2874 [xxxiv
667 2811 703 2854 na
726 2811 856 2856 amrams
878 2795 1063 2874 amissenus]

216 2916 228 2974 t
338 2909 387 2974 db
402 2932 455 2990 eo,
481 2931 577 2994 aquo
599 2915 793 2995 appellatum
810 2923 873 2991 est,
894 2915 935 2977 ad
951 2933 1024 2977 eum
1035 2945 1050 2992 ‚·
1069 2916 1124 2994 qui
1141 2913 1180 2976 de
1197 2914 1341 2995 appella-

252 2999 337 3060 tione
363 2999 546 3079 cogniturus
568 3009 631 3077 est,
660 3000 783 3062 litterae
807 3000 1004 3062 dimissoriae
1028 2999 1226 3082 diriguntur,
1256 3018 1339 3080 quae

252 3084 348 3164 uulgo
364 3086 495 3164 apostoli
510 3086 729 3166 appellantur:
754 3105 888 3166 quorum
903 3081 1072 3168 postulatio
1088 3096 1119 3148 et
1134 3087 1273 3166 acceptio
1289 3087 1342 3156 in÷

213 3172 234 3234 ι
252 3178 300 3231 tra
315 3171 462 3250 quintum
478 3171 564 3233 diem
580 3190 621 3232 ex
636 3170 737 3233 officio
753 3171 898 3234 iacienda
914 3181 971 3234 est.
1020 3173 1081 3246 Qui
1096 3173 1180 3234 intra
1195 3181 1338 3252 tempora
1359 3183 1391 3229 aa

252 3257 441 3335 praestituta
457 3255 651 3318 dimissorias
667 3277 730 3319 non
746 3255 952 3338 postulauerit
963 3259 1016 3320 uel
1028 3259 1185 3339 acceperit
1197 3258 1250 3320 uel
1265 3256 1342 3321 red-

253 3341 380 3420 diderit,
399 3344 646 3423 praescriptione
663 3342 703 3404 ab
719 3343 840 3424 agendo
862 3343 1071 3406 submouetur
1086 3355 1117 3406 et
1132 3363 1266 3425 poenam
1281 3362 1340 3423 ap-

251 3427 430 3507 pellationis
446 3428 563 3490 inferre
579 3437 717 3509 cogetur.

260 3599 339 3612 ινυυνυ
344 3598 814 3615 wmmvxmnmnwmavvxma
819 3602 1041 3616 ΑΛΛΛΛΜἉΜΛΜΛ
1250 3599 1341 3614 MANV

322 3687 364 3746 ιι,
377 3687 390 3733 ι
401 3687 521 3736 restituta
530 3690 567 3736 est
579 3699 614 3736 eac
623 3686 669 3736 All
678 3691 703 3737 et
711 3700 745 3736 ecc
754 3689 839 3738 codice
850 3687 985 3738 Vesontioo
1001 3685 1113 3748 (Cuioclt'
1125 3687 1231 3738 Οιεονιι.
1240 3690 1268 3736 ιι
1279 3725 1284 3745 ,
1296 3689 1337 3748 ιι)

258 3823 309 3836 m

322 3927 484 3990 tpoenalt
511 3926 522 3990 ΙΙ
553 3929 696 3977 tmorans
712 3925 842 3986 Calactae,
858 3928 1020 3990 ignoranssi
1034 3928 1133 3976 codices
1162 3927 1173 3990 11
1204 3928 1342 3977 8inlerim

252 3995 289 4053 at,
305 3995 403 4058 integri
416 3996 488 4054 dett,
503 3991 592 4045 itineri
609 3995 729 4046 Calactae
759 3995 770 4059 u
802 3997 976 4056 testemur
1005 3994 1016 4057 ll
1049 3998 1078 4042 ιι
1097 3999 1231 4059 pendete„
1247 3991 1344 4060 initu

253 4062 426 4114 indemnitati
441 4063 572 4122 sotacus,
593 4064 777 4114 indemnitatis
795 4067 892 4116 codices
932 4065 943 4128 ΙΙ
986 4068 1016 4112 48
1036 4066 1171 4115 ιιιιιεειΜ
1209 4064 1220 4127 ΙΙ
1262 4069 1290 4114 ιι
1314 4065 1342 4113 in

252 4132 439 4190 dett.,om.dt
466 4132 477 4194 11
508 4135 537 4180 ιι
559 4133 684 4183 οιιιιιίεΕ
712 4132 723 4196 11
754 4137 785 4183 ιι
804 4133 1081 4198 pecuniacaueturA
