3028 4830
289 327 350 391 le.
365 331 407 376 18.
424 329 455 374 29
683 361 768 374 ...-
813 327 852 387 36
895 361 983 374 ...-

290 534 367 592 nee,
399 516 473 576 item
503 513 614 576 liberis
638 513 860 594 parentibusue
887 515 1012 592 patroni
1043 523 1251 594 patronaeue:
1285 525 1376 577 sexto

290 602 360 662 uiro
376 602 485 662 uxori:
504 601 638 679 septimo
650 600 790 680 cognatis
801 601 1049 678 manumissoris,
1067 599 1185 679 quibus
1199 621 1258 681 per
1273 601 1374 682 legem

290 687 414 747 Furiam
430 686 502 766 plus
518 687 603 746 mille
615 704 700 748 asses
716 705 829 764 capere
844 686 936 746 licet:
956 695 988 746 et
1003 687 1029 746 si
1045 705 1136 748 nemo
1149 688 1201 766 sit,
1220 686 1261 748 ad
1277 706 1374 767 quem

290 771 442 833 bonorum
463 773 617 852 possessio
632 773 791 849 pertinere
808 773 921 851 possit,
947 781 1001 833 au't
1016 773 1057 833 sit
1078 771 1224 852 quidem,
1251 773 1308 835 sed
1324 775 1374 835 ius

290 877 383 919 suum
405 859 560 935 omiserit,
587 858 702 937 populo
724 856 806 918 bona
827 855 1017 918 deferuntur
1033 877 1072 918 ex
1092 859 1160 938 lege
1176 859 1254 920 Iulia
1275 859 1408 922 cado-5

253 945 271 1002 8
290 945 385 1005 caria.
415 943 535 1004 Liberis
550 943 704 1004 bonorum
719 944 876 1022 possessio
891 941 1064 1004 detortam
1081 945 1146 1021 his,
1166 945 1267 1024 quiin
1284 955 1375 1025 pote-

290 1038 368 1091 state
395 1030 552 1110 usquein
574 1029 683 1089 mortis
706 1038 831 1108 tempus
854 1027 1000 1107 fuerunt,
1030 1048 1124 1109 quam
1148 1032 1368 1108 emancipatis:

253 1117 365 1176 9-item
387 1115 561 1195 adoptiuis,
586 1134 648 1175 non
666 1124 770 1175 tamen
787 1115 881 1175 etiam
898 1116 931 1174 in
952 1115 1150 1195 adoptionem
1165 1115 1258 1177 datis.
1300 1118 1376 1177 Pro-

289 1202 363 1260 ximi
387 1203 507 1280 cognati
524 1199 679 1261 bonorum
695 1201 923 1280 possessionem
947 1202 1105 1280 accipiunt
1121 1220 1182 1263 non
1198 1203 1300 1263 solum
1316 1221 1376 1282 per

290 1285 434 1347 feminini
449 1305 544 1348 sexus
560 1305 723 1366 personam
740 1287 873 1366 cognati,
892 1285 1060 1347 sedetiam
1076 1289 1181 1366 agnati
1197 1289 1298 1366 capite
1314 1287 1374 1349 de·
1395 1303 1425 1346 to

289 1373 420 1433 minuti:
445 1391 518 1432 nam
533 1373 606 1433 licet
622 1373 795 1452 legitimum
812 1373 862 1433 ius
877 1373 1053 1451 agnationis
1069 1375 1179 1453 capitis
1195 1375 1373 1436 minutione

288 1459 462 1536 amiserint,
481 1467 593 1518 natura
608 1467 713 1518 tamen
729 1459 852 1536 cognati
867 1468 1004 1519 manent.

232 1543 269 1602 10
373 1546 529 1604 Bonorum
551 1545 706 1624 possessio
723 1542 815 1605 datur
829 1543 1015 1624 parentibus
1038 1553 1069 1605 et
1084 1544 1193 1605 liberis
1216 1546 1300 1606 intra
1315 1564 1374 1606 an-

289 1649 380 1708 num,
406 1645 446 1690 ex
468 1649 530 1708 quo
551 1640 658 1709 petere
679 1639 866 1708 potuerunt,
896 1631 1010 1690 ceteris
1033 1632 1113 1690 intra
1136 1640 1264 1692 centum
1287 1631 1368 1692 dies.

232 1715 264 1773 11
289 1717 349 1788 Qui
365 1735 474 1776 omnes
490 1716 571 1775 intra
587 1715 620 1775 id
642 1725 767 1794 tempus
783 1717 809 1775 si
825 1734 886 1775 non
904 1717 1054 1794 petierint
1075 1715 1229 1778 bonorum
1245 1736 1373 1796 posses·
1392 1731 1423 1776 ⁴5

288 1803 426 1879 sionem,
452 1820 591 1880 sequens
615 1801 731 1880 gradus
749 1800 944 1878 admittitur,
971 1801 1103 1881 perinde
1119 1814 1215 1882 atque
1231 1805 1257 1863 si
1274 1822 1372 1881 supe-

291 1889 391 1948 riores
405 1906 467 1947 non
484 1896 607 1947 essent:
627 1885 724 1964 idque
738 1906 797 1966 per
811 1897 932 1966 septem
949 1887 1065 1966 gradus
1081 1888 1125 1948 fit.

231 1972 270 2032 12
376 1974 423 2050 Hi,
440 1971 557 2051 quibus
570 1991 609 2032 ex
617 1974 809 2032 successorio
821 1972 921 2033 edicto
934 1972 1086 2036 bonorum
1095 1975 1251 2054 possessio
1263 1974 1368 2052 datur,

290 2058 423 2118 heredes
439 2057 568 2137 quidem
583 2076 646 2118 non
662 2068 746 2135 sunt,
766 2058 823 2120 sed
840 2058 968 2120 heredis
982 2060 1048 2120 loco
1063 2062 1299 2122 constituuntur
1314 2059 1371 2121 be·

289 2143 400 2203 neficio
415 2145 581 2222 praetoris.
613 2142 749 2222 ideoque
765 2163 823 2205 seu
838 2145 896 2224 ipsi
913 2157 1008 2224 agant
1022 2164 1078 2207 seu
1093 2165 1164 2207 eum
1180 2147 1230 2207 his
1246 2157 1367 2226 egetur,
1390 2161 1421 2206 so

290 2228 413 2288 ficticiis
425 2228 597 2289 actionibus
614 2248 692 2308 opus
708 2239 765 2308 est,
784 2231 816 2290 in
829 2230 947 2309 quibus
960 2230 1096 2292 heredes
1108 2251 1177 2292 esse
1193 2232 1368 2312 finguntur.

233 2313 269 2370 13
374 2316 528 2374 Bonorum
550 2317 705 2394 possessio
721 2325 775 2376 aut
797 2335 867 2376 com
883 2335 916 2376 re
939 2316 1033 2378 datur
1052 2327 1106 2378 aut
1128 2319 1198 2378 sine
1221 2338 1272 2380 re:
1299 2337 1370 2380 cum

289 2417 340 2476 re,
367 2418 434 2459 com
457 2401 483 2460 is
505 2401 560 2479 qui
581 2401 701 2480 accepit
723 2420 794 2462 cum
818 2403 931 2463 effectu
952 2401 1034 2464 bona
1058 2405 1208 2465 retineat:
1231 2406 1300 2466 sine
1323 2423 1368 2482 re,

290 2504 360 2545 cum
385 2486 464 2545 alius
484 2485 554 2546 iure
577 2487 664 2548 ciuili
686 2488 834 2548 euincere
857 2487 1064 2550 hereditatem
1085 2491 1199 2569 possit:
1226 2491 1328 2552 ueluti
1344 2491 1370 2550 si

289 2589 365 2632 suus
380 2571 472 2630 heres
489 2573 521 2631 in
535 2579 714 2632 testamento
722 2575 910 2652 praeteritos
927 2577 975 2652 sit,
996 2575 1063 2636 ticet
1076 2577 1198 2655 seraptis
1209 2575 1369 2637 heredibus
1388 2589 1420 2635 ss

289 2657 453 2717 secundom
474 2656 594 2718 tubulos
615 2656 760 2717 bonorum
778 2662 928 2736 possessio
944 2659 1119 2739 deferatur,
1145 2663 1204 2722 erit
1218 2670 1318 2723 tomen
1334 2681 1370 2723 eo

289 2741 442 2803 bonorum
461 2743 627 2822 'possessio
653 2744 721 2804 sine
748 2762 799 2821 re,
833 2747 978 2824 quoniam
1006 2765 1083 2808 suus
1105 2747 1200 2808 heres
1221 2749 1370 2809 euincere

288 2827 493 2890 hereditatem
510 2830 577 2890 iure
593 2829 731 2908 legitimo
746 2837 856 2908 potest.

587 3017 666 3097 [xxix
709 3037 746 3078 nu
769 3039 853 3082 corus
876 3019 1069 3098 orsnnronvu]

253 3135 264 3193 1
375 3137 459 3197 Ciuis
475 3137 603 3198 Romani
625 3136 732 3198 liberti
754 3138 959 3200 hereditatem
980 3140 1032 3201 lex
1053 3139 1221 3201 duodecim
1243 3141 1368 3203 tabula·
1385 3154 1414 3200 ao

183 3218 187 3232 ¹
289 3241 358 3282 rum
375 3231 503 3300 patrono
519 3221 638 3301 defert,
661 3225 688 3284 si
704 3225 851 3286 intestato
866 3227 934 3286 sine
949 3245 1005 3287 suo
1027 3225 1146 3287 herede
1163 3225 1297 3290 libertus
1312 3227 1368 3290 de-

288 3308 436 3369 cesserit:
467 3306 601 3387 ideoque
622 3310 690 3371 siue
712 3319 898 3372 testamento
921 3311 1001 3372 facto
1025 3311 1172 3391 decedat,
1195 3313 1270 3374 licet
1291 3333 1367 3376 suus

288 3394 380 3455 heres
396 3394 425 3454 ei
448 3412 509 3453 non
533 3395 589 3471 sit,
613 3413 671 3456 seu
693 3396 853 3474 intestato,
879 3409 910 3458 et
926 3416 1003 3459 suus
1018 3398 1113 3458 heres
1129 3400 1157 3458 ei
1179 3399 1236 3476 sit,
1256 3419 1369 3479 quam
1391 3457 1394 3464 .

287 3498 378 3560 qoam
401 3498 463 3540 non
485 3479 654 3556 naturalis,
686 3480 743 3542 sed
765 3501 845 3542 uxor
866 3493 941 3562 puta
964 3484 1093 3562 quaein
1116 3503 1211 3546 manu
1233 3483 1293 3547 suit
1316 3487 1365 3548 uel

212 3628 216 3635 ,
287 3563 458 3644 adoptiuus
476 3564 577 3642 filius,
605 3567 657 3626 lex
678 3576 809 3646 patrono
830 3569 909 3628 nihil
931 3567 1078 3646 praestat.
1122 3569 1180 3631 sed
1201 3591 1241 3631 ex
1265 3571 1367 3632 edicto
1384 3582 1413 3627 ss
1497 3645 1498 3648 Ἴ

287 3651 458 3730 praetoris,
483 3670 541 3713 seu
555 3660 668 3712 testato
684 3651 817 3714 libertus
839 3655 1005 3732 moriatur,
1023 3665 1059 3716 ut
1073 3666 1127 3716 aut
1142 3657 1222 3716 nihil
1237 3666 1292 3718 aut
1308 3659 1367 3718 mi-

357 3857 366 3898 t
389 3853 482 3905 liberis
499 3855 693 3920 parentibusue
714 3856 844 3915 euinctus,
864 3858 1041 3908 liberosueC
1069 3859 1081 3922 11
1111 3861 1332 3925 sadoptionec
1358 3861 1369 3928 ΙΙ

289 3923 303 3966 9
322 3925 492 3982 possessione
508 3924 527 3974 C
550 3926 561 3987 ΙΙ
587 3929 617 3973 11
637 3925 815 3976 diminutiaC
837 3925 848 3988 ΙΙ
872 3931 904 3974 21
920 3930 967 3976 aut
980 3940 1043 3977 cum
1056 3942 1085 3978 re
1098 3929 1185 3992 datur]
1199 3935 1290 3980 autem
1303 3932 1367 3982 red·

288 3987 407 4040 daturc
438 3992 449 4053 ΙΙ
483 3997 514 4041 23
535 4006 597 4042 cum
617 3995 698 4057 Hogo,
719 3995 806 4046 orn.C
839 3995 850 4057 ΙΙ
884 3997 962 4044 asin
982 3999 1213 4049 testamento...
1235 4001 1367 4050 aoeeod

287 4069 390 4105 sensum
406 4063 507 4120 scripsi,
527 4062 685 4112 intestatic
718 4063 729 4126 u
765 4067 796 4112 28
815 4065 940 4127 possitC
974 4067 985 4127 ΙΙ
1020 4069 1051 4113 31
1071 4079 1237 4130 quemquam
1262 4070 1364 4130 Vottco,

287 4138 368 4187 quam
385 4124 403 4174 C
426 4127 437 4188 11
462 4131 493 4176 31
512 4133 607 4178 testato
623 4130 752 4192 Cametas,
768 4135 926 4182 testamento
941 4133 961 4182 C
