3066 4826
552 370 639 382 .-.
685 337 743 398 105
788 367 874 380 .-
1017 334 1253 395 paullulum

132 528 151 586 5
170 501 262 588 auiae
278 532 342 587 tam
364 535 513 606 paternae
529 543 624 605 quam
645 532 805 585 maternae
828 522 926 584 irater
942 532 973 583 et
996 541 1094 584 soror.
1140 523 1255 594 Quinto

170 611 272 692 gradu
291 613 427 674 ueniunt
449 629 546 692 supra
566 609 696 690 quidem
717 620 828 671 atauus
850 611 968 670 atauia:
1010 607 1092 669 infra
1114 607 1256 688 adnepos

169 697 335 777 adneptis:
369 717 409 759 ex
430 696 558 777 obliquo
580 695 687 758 fratris
709 705 740 756 et
760 696 876 756 sororis
897 712 1055 775 pronepos
1077 697 1252 774 proneptis,

171 783 277 844 fratris
292 783 447 864 patruelis
462 785 578 844 sororis
599 779 752 863 patruelis
767 782 890 842 amitini
909 781 1057 842 amitinae
1074 779 1254 846 consobrini

172 868 381 933 consobrinae
404 869 488 930 lilius
510 869 591 946 filia,
617 870 748 948 propius
770 867 896 928 sobrino
912 865 1055 943 sobrina,
1080 865 1113 927 id
1134 875 1182 926 est
1196 877 1288 947 pa-t

172 957 237 1017 trui
258 957 365 1035 magni
386 957 500 1016 amitae
521 973 652 1034 magnae
675 954 824 1017 auunculi
847 954 953 1032 magni
975 960 1164 1012 materterae
1188 971 1256 1013 ma-

171 1060 253 1122 gnae
270 1042 352 1103 iilius
368 1041 441 1103 lilia.
474 1042 524 1102 his
538 1040 726 1102 adcrescunt
741 1047 933 1121 propatruus
947 1039 1111 1118 proamita,
1132 1037 1163 1097 bi
1181 1047 1255 1098 sunt
1285 1039 1288 1044 ’

171 1128 285 1208 proaui
304 1128 430 1208 paterni
452 1125 549 1188 frater
570 1136 602 1187 et
624 1145 727 1188 soror:
757 1126 993 1206 proauunculus
1013 1131 1252 1203 promatertera,

170 1215 297 1275 bisunt
317 1213 467 1294 proauiae
485 1222 635 1293 paternae
651 1221 875 1292 maternaeque
898 1209 997 1271 frater
1018 1218 1049 1270 et
1073 1227 1160 1270 soror
1180 1228 1256 1290 pro-

131 1303 151 1361 6
170 1301 290 1380 auique
306 1300 451 1361 materni.
481 1301 574 1361 Sexto
590 1297 690 1379 gradu
703 1299 838 1359 ueniunt
853 1315 949 1378 supra
965 1297 1100 1357 tritauus
1115 1296 1251 1357 tritauia.
1275 1305 1305 1350 to

171 1385 256 1446 infra
277 1386 420 1465 trinepos
441 1386 606 1465 trineptis:
641 1404 681 1446 ex
703 1383 830 1464 obliquo
853 1382 957 1444 fratris
973 1390 1004 1442 et
1024 1383 1140 1442 sororis
1154 1380 1255 1444 abne-

171 1491 229 1552 pos
244 1471 408 1551 abneptiS,
435 1471 541 1534 fratris
556 1470 710 1552 patruelis
722 1470 838 1532 sororis
853 1468 1020 1549 patruelia,
1039 1468 1160 1529 amitini
1176 1469 1255 1530 ami-

151 1559 276 1636 ¹tinae,
302 1556 479 1618 consobrini
502 1555 721 1636 consobrinae,
749 1558 854 1636 patrui
869 1557 975 1634 magni
996 1554 1109 1614 amitae
1124 1572 1255 1634 magnae

170 1643 321 1705 auunculi
343 1644 446 1723 magni
472 1652 659 1705 materterae
679 1661 811 1722 magnae
833 1660 931 1721 nepos
951 1641 1073 1719 neptis,
1099 1641 1255 1720 propioris

172 1729 301 1790 sobrino
325 1729 408 1791 lilius
431 1729 511 1807 lilia,
538 1731 594 1809 qui
620 1728 798 1790 consobrini
819 1728 1030 1807 appellantur.
1078 1725 1195 1807 quibus
1216 1745 1256 1786 ex
1276 1735 1306 1780 ia

172 1816 272 1877 latere
288 1815 476 1878 adcrescunt
489 1817 651 1896 propatrui
667 1815 837 1895 proamitae
859 1811 1064 1892 proauunculi
1080 1821 1256 1892 pmmater-

173 1911 260 1963 terae
282 1901 366 1963 filius
387 1901 467 1963 lilia:
500 1900 671 1982 abpatruus
691 1899 838 1977 abamita,
865 1899 902 1959 hi'
919 1907 992 1960 sunt
1015 1897 1109 1959 abaui
1130 1898 1255 1978 paterni

174 1987 273 2049 irater
295 1996 326 2048 et
347 2006 451 2048 soror:
477 1986 697 2048 abauunculus
723 1985 947 2060 abmatertera,
973 1985 1006 2044 hi
1027 1993 1101 2045 sunt
1122 1983 1254 2046 abauiae

132 2073 153 2134 ‘i
173 2083 326 2153 paternae
344 2081 568 2153 maternaeque
585 2072 681 2134 frater
697 2082 728 2134 et
739 2090 826 2135 soror
836 2070 995 2150 abauique
1006 2073 1150 2132 materni.
1176 2071 1256 2150 Sep-

173 2161 250 2220 timo
267 2157 366 2239 gradu
382 2160 437 2238 qui
454 2171 528 2221 sunt
549 2159 671 2239 cognati
686 2168 773 2237 recta
786 2159 871 2218 linea
885 2175 982 2236 supra
998 2154 1162 2236 infraque,
1181 2176 1256 2236 pro·
1274 2163 1305 2208 ²⁰

172 2245 254 2325 priis
275 2245 457 2306 nominibus
483 2263 546 2306 non
568 2245 785 2325 appellantur:
815 2242 872 2306 sed
898 2262 939 2304 ex
964 2251 1147 2304 transuersa
1172 2242 1256 2304 linea

173 2333 377 2392 continentur
393 2330 500 2392 fratris
516 2332 673 2392 sororisue
690 2330 863 2410 adnepotes
878 2327 1050 2410 adneptes,
1076 2329 1256 2390 consobrini

134 2420 155 2476 8
173 2417 230 2477 filii
247 2416 406 2497 filiaeque.
453 2417 666 2480 successionis
683 2415 798 2477 idcirco
822 2414 940 2496 gradus
957 2423 1079 2496 septem
1096 2416 1256 2476 constituti

173 2511 258 2580 sunt,
279 2503 353 2582 quia
368 2504 504 2564 ulterius
526 2523 583 2583 per
598 2521 706 2563 rerum
727 2511 871 2563 naturam
887 2521 947 2564 neo
968 2499 1094 2563 nomina
1115 2501 1256 2562 inueniri

173 2607 235 2649 nec
248 2587 315 2650 uita
330 2588 575 2651 succedentibus
590 2589 754 2670 prorogari
769 2595 881 2668 potest.
1275 2593 1306 2639 25

505 2757 556 2842 [xrr
597 2779 634 2820 ns
657 2755 926 2840 uuuvurssronrsrs]

136 2883 148 2941 l
261 2880 398 2942 Seruum
413 2899 609 2942 communem
625 2899 709 2942 unus
731 2898 771 2940 ex
785 2877 920 2940 dominis
935 2875 1185 2940 manumittendo
1199 2879 1259 2938 La-

173 2967 275 3028 tinum
300 2964 402 3028 lacere
425 2985 488 3028 non
505 2974 609 3047 potest
632 2984 692 3028 neo
707 2966 806 3044 magis
827 2983 921 3044 quam
943 2965 1045 3026 ciuem
1061 2965 1252 3024 Romanum:

174 3052 266 3114 cuius
281 3053 381 3132 portio
397 3072 433 3114 eo
449 3071 533 3130 casu,
553 3070 626 3131 quo,
645 3051 672 3112 si
687 3052 835 3131 proprius
852 3058 945 3126 esset,
964 3049 1005 3112 ad
1020 3049 1180 3110 ciuitatem
1195 3049 1257 3109 Ro-

134 3141 154 3200 2
174 3157 298 3200 manam
314 3139 509 3218 perueniret,
528 3139 610 3199 socio
626 3136 790 3198 adcrescit.
829 3138 932 3198 lllutus
949 3145 980 3196 et
994 3133 1110 3196 surdus
1126 3152 1256 3196 seruum
1275 3143 1306 3188 ³⁰

174 3222 317 3286 uindicta
341 3223 478 3286 liberare
506 3242 570 3285 non
596 3232 745 3304 possunt:
774 3224 859 3284 inter
884 3223 999 3283 amicos
1020 3229 1126 3281 tamen
1147 3229 1178 3280 et
1199 3240 1257 3300 per

173 3309 342 3390 epistulam
357 3312 578 3372 manumittere
594 3327 656 3370 non
672 3307 891 3388 prohibentur.
915 3316 951 3369 ut
967 3315 1072 3370 autem
1087 3305 1128 3367 ad
1143 3307 1258 3368 iustam

174 3446 289 3460 ww
509 3443 881 3460 MAMMAWMWMMN
888 3445 900 3458 υ
1204 3440 1256 3455 WV*

246 3503 273 3547 44
291 3518 323 3541 --·
336 3499 392 3548 Lero
409 3497 612 3562 Wisipottorcm
625 3498 649 3558 i,
665 3500 675 3543 4

178 3601 209 3612 -Jv-
217 3597 306 3615 MVWV
599 3593 1256 3610 MVWNANXMNWWNMMAMAMAAMWMNXAAJ

246 3671 406 3734 5proprius
424 3667 552 3718 sobrinus
571 3669 668 3718 codices
686 3679 745 3717 oum
762 3667 828 3730 Lepe
852 3665 944 3729 Wisip.
993 3663 1004 3728 11
1053 3669 1082 3713 44
1108 3665 1258 3728 proprioris

178 3738 291 3802 (proprii
310 3739 338 3801 t)
360 3735 464 3788 sobrini
483 3738 531 3788 iit
550 3749 608 3787 oum
626 3736 692 3799 Lepe
715 3736 807 3799 Wisip.
856 3733 867 3796 11
915 3738 946 3783 45
966 3732 1133 3796 consobrini]
1154 3732 1258 3782 sobrini

179 3807 295 3866 Gentius,
315 3806 349 3869 ef.
364 3807 424 3869 Dip.
439 3810 481 3868 88,
497 3810 538 3867 40,
555 3810 595 3865 44,
612 3809 641 3854 tr
659 3806 706 3866 (ed.
721 3805 901 3864 Mornmscop.
916 3806 975 3864 359,
991 3805 1015 3860 a)
1064 3801 1075 3864 11
1123 3805 1152 3848 ti
1172 3801 1259 3865 adpa-

176 3880 256 3926 truus
276 3875 416 3940 lapatruus
427 3876 478 3938 4414,
498 3875 646 3939 adpatruos
659 3873 687 3935 t)
708 3873 828 3922 adamita
846 3873 943 3922 codices
961 3883 1019 3920 com
1037 3872 1103 3934 Lapa
1129 3871 1219 3933 Wisip.
1247 3866 1258 3936 11

177 3947 209 3994 it
228 3943 326 3994 iratres
344 3957 487 3994 sororesue
508 3943 584 4006 l-que
597 3942 624 4004 tl
647 3943 744 3991 codices
763 3954 821 3990 eom
839 3941 905 4003 Lapa
923 3940 1014 4003 Wirip.
1057 3939 1069 4002 11
1110 3939 1258 4004 adnepotes

177 4013 308 4076 adneptes
321 4013 348 4062 M
360 4025 419 4062 com
435 4013 497 4076 Lapa
515 4013 619 4076 Wiaip„
637 4011 758 4074 adnepos
771 4009 928 4073 adneptisb
958 4007 969 4071 11
999 4006 1103 4070 sobrini
1118 4007 1222 4058 Coptica
1250 4003 1260 4073 11

178 4085 209 4132 23
228 4081 632 4144 idcircolautomidcircobea
651 4079 742 4142 Wiaip.
774 4078 785 4142 11
814 4081 846 4128 28
866 4077 925 4142 nec]
942 4090 1061 4128 nonsor.
1098 4077 1108 4140 11
1145 4080 1176 4124 34)
1196 4083 1260 4141 per-

175 4151 283 4202 uenerit
296 4151 344 4200 ML
