3028 4830
299 358 372 412 aaut
387 359 407 417 Ι,
420 363 448 408 li
473 360 505 417 ll,
521 362 530 406 4
687 393 773 420 ,-
816 360 856 422 60
900 391 985 406 .-

297 545 373 607 *ubi
388 565 502 626 corpus
513 547 579 608 iam
595 547 775 628 depositum
791 556 855 625 est,
880 545 968 608 aliud
982 565 1095 626 corpus
1109 543 1220 610 inferri
1235 563 1299 608 non
1315 565 1379 625 po-

297 630 388 710 *tcst,
407 642 439 694 et
454 634 509 712 qui
524 634 666 696 intulerit
680 653 753 696 reus
768 633 928 713 sepulchri
945 633 1051 694 uiolati
1066 632 1217 712 postulari
1238 631 1378 712 potest*

240 717 277 776 44)
297 717 357 790 Qui
372 718 509 780 alienum
525 729 679 781 mortuum
697 719 873 800 sepelierit,
893 720 920 782 si
936 721 969 780 in
986 717 1081 780 funus
1095 719 1162 780 eius
1178 717 1300 798 aliquid
1316 719 1379 778 im-

297 803 454 882 penderit,
475 806 617 884 recipere
633 805 666 866 id
681 804 722 866 ab
737 804 854 866 herede
873 805 926 866 uel
941 823 958 865 a
973 812 1061 884 patre
1076 805 1128 866 uel
1144 823 1162 864 a
1178 803 1304 864 domino
1319 822 1379 882 po-

239 889 273 948 44
297 899 370 950 test.
416 887 564 952 *Maritus
587 890 620 952 id
641 891 726 971 quod
747 894 781 954 in
804 890 900 954 iunus
924 891 1028 952 uxoris
1052 889 1206 970 impendit
1234 909 1275 950 cx
1304 889 1413 950 dotes

239 975 278 1036 42
297 974 454 1038 *retinere
481 985 594 1058 potest.
641 979 749 1057 Neque
777 977 859 1038 iuxta
885 986 1122 1038 monumentum
1148 993 1254 1056 neque
1280 993 1378 1056 supra

296 1059 555 1124 *monumentum
570 1061 734 1125 habitandi
750 1065 799 1125 ius
817 1072 879 1124 est:
898 1071 1016 1124 attactu
1027 1063 1111 1124 enim
1127 1061 1378 1124 conuersationis

296 1145 468 1209 *humanae
484 1149 642 1228 piaculum
658 1148 851 1210 admittitur:
877 1159 907 1208 ct
923 1148 978 1226 qui
995 1156 1101 1208 contra
1117 1166 1154 1208 ea
1171 1146 1299 1224 iecerit,
1318 1166 1377 1226 pro

295 1232 464 1312 *qualitate
491 1253 643 1314 personae
665 1236 717 1297 uel
746 1253 839 1315 opere
857 1232 989 1314 publico
1011 1234 1063 1295 uel
1086 1234 1180 1294 exilio
1210 1233 1373 1294 multatur.

237 1318 274 1378 43
295 1317 462 1380 *Parentes
478 1329 509 1380 et
525 1320 581 1381 filii
598 1321 731 1382 maiores
752 1321 914 1382 sexennis
930 1338 1010 1380 anno
1025 1320 1126 1398 lugeri
1141 1327 1290 1398 possunt,
1315 1319 1377 1378 mi·
1399 1332 1428 1375 ro

294 1403 405 1466 *nores
421 1423 542 1466 menso:
565 1408 694 1468 maritus
709 1405 819 1468 decern
834 1403 997 1468 mensibus
1012 1413 1043 1466 et
1063 1407 1185 1484 cognati
1202 1405 1378 1484 proximio-

294 1489 357 1551 *ris
373 1489 489 1570 gradus
505 1501 583 1553 octo.
622 1494 676 1572 qui
691 1502 797 1554 contra
813 1490 932 1570 iecerit,
953 1489 1115 1552 infamium
1131 1509 1262 1552 numero
1277 1489 1379 1552 habe—

236 1575 274 1634 44
294 1575 398 1638 *tur*
443 1577 502 1648 Qui
523 1578 626 1657 luget,
652 1577 812 1640 abstinere
841 1577 938 1640 dehet
960 1596 977 1638 a
998 1577 1154 1638 conuiuiis
1181 1578 1377 1642 ornamentis

191 1675 193 1680 ’
236 1661 274 1720 45
294 1661 474 1743 *purpura*
490 1671 521 1724 et
539 1663 609 1724 alba
624 1675 726 1725 ueste.
762 1662 923 1742 Quidquid
938 1665 971 1724 in
992 1661 1086 1725 funus
1102 1671 1264 1742 erogatur,
1291 1664 1377 1723 inter

236 1747 275 1806 46
293 1767 346 1809 aes
368 1749 506 1810 alienum
527 1750 630 1829 primo
650 1750 716 1811 loco
737 1749 917 1810 deducitur.
957 1747 1111 1829 *Corpora
1133 1747 1376 1810 animaduerso·
1397 1761 1427 1806 45

293 1833 383 1896 *rum
399 1833 596 1915 quibuslibet
612 1836 795 1916 petentibus
810 1834 850 1898 ad
866 1835 1062 1915 sepulturam
1079 1833 1183 1898 danda
1198 1832 1308 1896 sunt*
1324 1903 1327 1907 ,

662 2093 774 2154 LIBER
796 2092 997 2154 SECVNDVS

476 2227 497 2309 [r
542 2249 577 2289 nr
600 2247 685 2289 naurs
708 2247 839 2290 cucumis
862 2249 898 2290 ur
920 2244 957 2290 nu
981 2229 1186 2310 rrnrrvurrmo]
1275 2299 1279 2306 ¹

242 2349 274 2406 44
377 2346 553 2410 *Praesidis
568 2349 749 2429 prouinciae
765 2348 924 2431 officiales,
944 2350 1017 2432 quia
1032 2350 1178 2430 perpetui
1194 2360 1279 2428 sunt,
1300 2368 1372 2412 mu—

241 2426 274 2492 ib
291 2431 396 2494 *tuam
412 2435 579 2513 pecuniam
595 2434 669 2497 dare
686 2433 901 2502 etiencbrem
924 2454 1074 2498 exercere
1095 2445 1237 2516 possunt.
1279 2437 1372 2496 Prae·
1392 2448 1424 2493 44

291 2517 362 2580 *ses
390 2520 571 2599 prouinciae
601 2531 740 2598 mutuam
768 2523 937 2601 pecuniam
963 2520 1126 2584 fenebrem
1155 2540 1281 2583 sumere
1310 2540 1372 2582 non

255 2605 266 2664 4
291 2603 530 2684 *prohibetun*
572 2607 606 2666 ln
623 2608 815 2686 pecuniariis
829 2609 932 2670 causis
950 2609 975 2668 si
999 2607 1079 2668 alter
1100 2627 1140 2668 ex
1160 2605 1373 2687 litigatoribus

291 2689 511 2754 iusiurandum
527 2690 666 2771 deierat,
685 2691 863 2756 audiendus
878 2703 941 2756 cst:
966 2694 1023 2756 hcc
1039 2694 1124 2756 enim
1139 2703 1170 2756 et
1184 2692 1372 2773 compendio

253 2778 271 2839 2
290 2777 393 2839 litium
409 2787 440 2838 ct
455 2778 624 2858 aequitatis
646 2780 765 2840 ratione
780 2780 943 2859 prouisum
959 2790 1017 2842 est.
1056 2778 1186 2840 Deierre
1208 2781 1371 2841 iusiuran-

289 2862 367 2926 dum
382 2865 470 2944 prior
480 2873 566 2926 actor
580 2873 699 2945 potest:
718 2866 906 2928 contrarium
921 2874 1029 2928 autem
1043 2864 1083 2927 de
1098 2865 1253 2928 calumnia
1268 2866 1371 2926 iusiu-
1389 2877 1422 2922 44

204 2965 208 2982 ’
251 2949 269 3010 3
290 2948 423 3010 randum
447 2969 500 3012 reo
522 2951 683 3031 competit.
723 2951 774 3029 si,
799 2970 874 3014 reus
894 2971 965 3014 curn
982 2952 1087 3014 iurare
1101 2951 1196 3029 uelit,
1220 2960 1308 3012 actor
1322 2951 1370 3012 illi

288 3102 422 3115 υνυνυννυυ
433 3104 454 3115 ιν
464 3104 524 3116 μιν.»
529 3104 609 3116 MAN»
616 3103 845 3116 xsstxsufwmnmwxmwvx
850 3104 1062 3116 tvvvvxnsvuvuvvw
1068 3104 1366 3117 avvmt-tvvvxtxsslvvvvvvv

358 3192 400 3250 24,
416 3193 514 3239 ti-tt
535 3204 569 3240 44
585 3167 719 3240 4144444444
736 3192 869 3252 suppletae
886 3196 947 3241 suot
969 3190 1077 3254 [04444444
1096 3192 1203 3242 044444.
1224 3193 1266 3249 ii,
1283 3192 1324 3253 43)
1361 3188 1371 3256 ΙΙ

289 3261 331 3319 44,
348 3260 378 3306 44
392 3278 423 3300 =
438 3259 497 3322 Dra.
512 3261 554 3320 44,
569 3262 611 3320 44,
626 3263 639 3308 4
676 3259 687 3321 44
724 3265 747 3320 4,
764 3264 798 3308 u.
816 3257 888 3307 rb=
902 3260 961 3323 4449.
977 3264 1019 3319 44,
1035 3264 1059 3319 4,
1074 3262 1104 3308 44

287 3391 352 3406 mu
359 3395 368 3404 ιν
374 3390 813 3408 ΜΛΛΛΛΜΛΛΛΝᾺΛᾹΛΛΛΛΛΛΙἉΙἎᾹΛ
819 3394 1329 3409 4Λ1ΧΝἉΛΛΛΛΙἎΛΝΜΛΛΛΝἏΙΧΛΜΙΧΛΛΛΛΛ
1335 3396 1368 3406 Ἠν

357 3484 371 3529 t
391 3478 448 3544 §to
468 3481 514 3530 444
527 3481 580 3530 4444
592 3481 698 3532 collocat
714 3483 879 3542 Vesontiaus,
898 3487 956 3544 post
972 3479 984 3545 §
1003 3485 1034 3530 45
1053 3482 1179 3532 collocant
1196 3482 1334 3546 Wisipotlu'
1361 3479 1371 3548 ΙΙ

289 3549 355 3599 lab
370 3550 406 3611 Μ,
421 3548 552 3599 habcoL
584 3549 596 3612 11
630 3554 660 3598 tc
680 3551 735 3613 sex]
750 3551 845 3600 decem
858 3551 984 3611 Huschke,
997 3551 1031 3614 cf.
1049 3551 1104 3601 Vct.
1121 3553 1165 3600 344
1201 3551 1213 3614 [1
1248 3551 1371 3600 minores

288 3617 390 3681 mense]
405 3619 468 3668 4444
480 3623 603 3680 44444444
615 3632 669 3670 orso
680 3621 770 3670 44444444
786 3621 840 3670 Vct.
856 3623 900 3669 444
915 3639 919 3670 :
939 3633 1003 3670 cum
1015 3620 1135 3670 minores
1146 3619 1226 3670 lihcri
1238 3621 1279 3670 tot
1290 3633 1370 3670 men-

288 3685 365 3738 sibus
377 3686 528 3751 elugentur,
543 3690 609 3751 quot
620 3701 754 3738 annorum
767 3689 943 3748 decesserint,
957 3701 1044 3752 usque
1057 3688 1091 3738 ad
1103 3690 1256 3740 trimatum:
1278 3690 1370 3740 minor

287 3756 368 3806 trimo
387 3769 442 3806 non
459 3756 575 3820 lugetur,
595 3756 641 3806 sed
661 3756 834 3820 sublugetur:
856 3758 946 3806 minor
962 3770 1033 3807 anno
1052 3769 1140 3820 neque
1157 3757 1265 3822 lugetur
1280 3770 1369 3822 neque

288 3822 447 3887 sublugetur
475 3824 486 3886 ΙΙ
517 3827 547 3872 it
566 3825 1015 3876 etaconuiuiisetornamentisl
1044 3825 1055 3887 4
1086 3829 1115 3874 44
1135 3839 1256 3891 purpura
1273 3827 1371 3876 Veson-

287 3894 366 3950 44444,
380 3906 430 3943 om.
451 3893 586 3957 Wisipothi
607 3892 619 3956 ΙΙ
643 3897 674 3942 ii
690 3895 860 3958 porcprapto
873 3897 882 3941 4
897 3895 926 3942 444
939 3893 1081 3944 basileensi
1095 3894 1115 3946 G
1127 3895 1186 3944 4444
1204 3895 1369 3958 4444449444-

287 3964 332 4008 4444
342 3962 370 4009 io
382 3963 485 4011 modum
496 3963 616 4012 rubricae
627 3964 690 4013 4444
707 3963 742 4013 do
759 3962 852 4014 dubiis
869 3961 952 4012 rebus
969 3962 1057 4012 solum
1074 3963 1166 4014 iurare
1182 3963 1283 4013 debere
1302 3969 1328 4014 44
1341 3966 1369 4013 io

285 4029 390 4078 modum
400 4032 615 4080 4444444444444
626 4033 672 4095 qui
684 4034 828 4096 suspectus
839 4031 948 4091 dicitur,
968 4043 1031 4082 cum
1049 4031 1123 4082 nulia
1142 4033 1242 4082 ueritas
1258 4033 1368 4096 petitori

287 4096 315 4144 in
327 4109 359 4146 eo
372 4098 541 4164 exprimitur,
554 4100 601 4162 qui
613 4100 778 4150 calumniam
790 4113 818 4152 se
830 4100 885 4164 peti
897 4098 978 4150 dicit:
992 4111 1057 4161 puae
1069 4113 1104 4150 ear
1111 4102 1368 4162 interpretationibus

286 4161 314 4227 §5
328 4167 352 4212 4.
366 4168 381 4213 2
395 4171 519 4227 correpto
530 4179 585 4216 4444
594 4169 683 4228 palam
695 4174 733 4218 est
755 4169 766 4232 11
790 4173 821 4218 it
841 4169 971 4232 competit
980 4169 1018 4230 44,
1031 4170 1197 4233 competetl
