3066 4826
299 367 537 429 rourum-m
678 397 764 410 ...-
810 365 869 426 128
914 399 1001 412 ..-

299 574 339 616 ex
354 554 470 636 quibus
485 556 582 616 animi
597 555 758 615 hominum
774 563 976 632 moueantur,
995 554 1192 616 honestiores
1208 553 1382 635 deportan-

261 642 278 701 3
298 650 362 720 tur,
381 642 561 703 humiliores
577 642 676 721 capite
691 642 879 721 puniuntur.
910 640 971 713 Qui
987 639 1026 700 de
1043 640 1142 702 salute
1157 641 1312 722 principis
1327 643 1382 704 uel

298 747 419 788 summa
435 729 481 788 rei
503 726 648 808 publicae
673 727 908 788 mathematicos
930 725 1065 787 hariolos
1085 726 1271 806 haruspices
1296 729 1382 789 uati-

297 814 453 874 cinatores
475 813 628 889 consulit,
657 831 729 874 cum
755 831 791 874 ec
818 813 873 894 qui
889 811 1090 892 responderit
1108 813 1210 892 capite
1231 813 1394 893 punitum·

261 902 277 961 l
296 899 363 960 Non
382 909 504 960 tantum
531 898 725 960 diuinaticne
749 899 838 979 quis,
865 897 923 960 sed
943 899 1012 978 ipsa
1033 898 1163 960 scientia
1186 899 1316 979 eiusque
1338 900 1415 960 li-5

296 985 363 1046 bris
378 984 493 1046 melius
508 983 619 1046 fecerit
634 983 806 1046 abstinere.
853 983 937 1065 quod
953 985 980 1044 si
995 985 1081 1046 serui
1096 984 1136 1046 de
1153 984 1254 1046 salute
1277 983 1381 1047 domi-

296 1089 408 1132 norum
434 1071 666 1150 consuluerint,
701 1089 822 1132 summo
852 1063 1023 1150 supplicio,
1048 1068 1082 1131 id
1109 1080 1157 1131 est
1183 1089 1291 1150 cruce,
1320 1070 1381 1133 ad-

296 1157 461 1218 ficiuntur:
480 1157 612 1219 consulti
629 1166 735 1218 autem
752 1157 778 1217 si
795 1175 945 1236 respousa
961 1155 1126 1236 dederint,
1147 1157 1250 1218 autin
1266 1158 1381 1220 metal-

295 1243 360 1305 lum
377 1242 568 1304 damnantur
583 1251 637 1304 aut
652 1243 685 1303 in
702 1243 838 1304 insulam
857 1242 1046 1322 relegantur.

790 1428 875 1512 [xxm]
1400 1448 1431 1492 to

258 1554 268 1611 l
378 1549 430 1612 *Si
446 1551 518 1630 quis
533 1548 653 1630 aliquid
670 1568 709 1610 ex
719 1549 843 1615 metallo
859 1550 1012 1630 principis
1026 1550 1079 1612 uel
1095 1547 1135 1611 ex
1150 1560 1275 1613 moneta
1290 1571 1380 1614 sacra

256 1639 274 1700 Ξ
291 1626 433 1698 *iuratus
449 1637 506 1716 sit,
530 1655 631 1718 poena
647 1637 765 1696 metalli
782 1645 813 1696 et
829 1636 915 1696 exilii
940 1638 1082 1716 punitur.
1129 1636 1321 1718 Transfugae
1337 1638 1379 1700 ad

291 1722 415 1785 *hostes
426 1723 480 1784 uel
492 1723 696 1784 consiliorum
706 1731 884 1783 nostrorum
901 1723 1135 1784 renuntiatores
1147 1733 1201 1784 aut
1211 1724 1280 1785 uiui
1297 1744 1380 1787 exu-

290 1809 422 1872 *ruutur
438 1818 491 1870 aut
507 1808 614 1870 furcae
630 1805 902 1888 suspenduntur*

662 1998 730 2076 [mur
773 2014 811 2056 nn
834 1994 1002 2076 srurrrosrs]
1399 2013 1430 2058 ⁴5

256 2119 266 2176 l
376 2115 527 2178 ductores
550 2116 715 2177 seditionis
737 2125 769 2177 et
788 2117 944 2178 tumultus
965 2116 1019 2176 uel
1042 2116 1245 2178 concitatores
1265 2117 1376 2196 populi

290 2221 346 2283 pro
370 2203 521 2283 qualitate
543 2201 707 2282 dignitatis
730 2203 837 2269 autin
862 2221 989 2263 crucem
1010 2202 1165 2264 tolluntur
1186 2213 1240 2264 aut
1262 2201 1376 2264 bestiis

291 2288 472 2350 obiciuntur
488 2289 588 2349 autin
605 2288 740 2348 insulam
756 2287 974 2368 deportantur.

251 2463 270 2523 2
376 2460 435 2532 Qui
451 2459 603 2520 terminos
619 2457 771 2520 effodiunt
785 2459 838 2520 uel
854 2467 984 2520 exarant
999 2456 1169 2520 arboresue
1188 2460 1375 2521 terminales

290 2555 451 2622 euertuut,
470 2546 497 2606 si
514 2543 643 2624 quidem
655 2543 689 2605 id
704 2547 790 2606 serui
807 2563 861 2606 sua
878 2555 989 2624 sponte
1001 2543 1145 2623 fecerint,
1164 2546 1197 2606 in
1210 2546 1375 2607 metallum
1392 2562 1427 2606 so

290 2631 496 2692 damnantur:
523 2630 706 2692 humiliores
722 2631 754 2690 in
770 2649 849 2710 opus
864 2629 1039 2710 publicum,
1058 2631 1256 2692 honestiores
1271 2633 1304 2692 iu
1322 2633 1375 2693 in-

289 2717 389 2779 sulam
412 2717 526 2778 amissa
551 2717 645 2777 tertia
664 2725 754 2796 parte
780 2715 935 2778 bonorum
960 2717 1143 2796 relegantur
1167 2727 1221 2778 aut
1243 2717 1374 2780 exulare

250 2806 268 2864 3
289 2813 456 2884 coguntur.
490 2803 585 2865 Ciues
599 2803 741 2880 Romani,
760 2803 814 2881 qui
832 2821 865 2863 se
882 2802 1008 2864 ludaico
1023 2804 1088 2864 ritu
1104 2802 1157 2864 uel
1173 2821 1283 2864 seruos
1298 2823 1373 2866 suos

289 2888 471 2951 circumcidi
493 2889 674 2970 patiuntur,
705 2887 796 2948 bonis
819 2887 976 2968 ademptis
999 2889 1031 2949 in
1060 2889 1194 2949 insulam
1216 2899 1373 2969 perpetuo

251 2979 267 3037 l
289 2977 484 3056 relegantur:
510 2973 625 3036 medici
648 2975 749 3054 capite
772 2975 958 3054 puniuntur.
1005 2973 1112 3036 Iudaei
1134 2976 1160 3035 si
1177 2975 1298 3036 alienae
1313 2995 1372 3037 na·
1390 2990 1424 3036 25

288 3063 382 3122 tionis
398 3070 593 3143 comparatos
608 3079 717 3122 seruos
734 3059 1004 3139 circumciderint,
1022 3069 1077 3121 aut
1092 3059 1301 3140 deportantur
1316 3071 1372 3123 aut

287 3233 351 3246 sm
697 3230 1370 3264 MAMMNWVMQMNMWKAQ

356 3315 803 3381 24a=Dip.t8,tt,38pr.§t
855 3317 866 3382 l}
914 3315 1328 3382 aa,t=th.te,re,ce,s
1362 3318 1372 3388 ΙΙ

289 3391 329 3447 lt,
344 3392 358 3436 2
373 3392 445 3437 cetat
456 3389 485 3436 iu
500 3387 706 3437 Grocouticortun
717 3387 844 3436 codicibus
858 3387 1017 3449 (Lachmann
1030 3387 1044 3436 1
1050 3399 1078 3448 p.
1093 3387 1151 3450 270)

357 3632 366 3676 4
390 3627 566 3692 deportantur
577 3627 614 3686 ll,
634 3626 715 3676 exilio
728 3625 790 3690 dep.
804 3626 824 3676 t
871 3625 884 3689 ΙΙ
930 3630 944 3675 5
963 3639 1017 3676 non
1031 3663 1038 3678 .
1054 3663 1060 3676 .
1077 3663 1083 3676 .
1099 3629 1113 3676 6
1128 3625 1266 3677 abstinere
1284 3631 1370 3678 curin

283 3694 520 3760 ttue5toutocte
533 3693 545 3759 ξ
560 3699 572 3744 3
588 3696 808 3744 collocandorum
847 3694 857 3757 {l
897 3696 1006 3744 ”lcruci
1019 3697 1117 3744 codices
1155 3695 1166 3758 ΙΙ
1205 3698 1367 3761 8cousulti]

286 3764 333 3814 sed
347 3778 421 3815 cons.
436 3767 533 3815 codices
562 3764 573 3826 ΙΙ
604 3763 800 3827 erelegamur]
814 3762 993 3826 deportantur
1006 3763 1159 3814 Buciardus
1174 3774 1182 3806 5
1196 3763 1206 3827 ΙΙ
1247 3769 1277 3814 to
1297 3767 1370 3816 Pou-

287 3835 326 3883 tus
338 3847 369 3884 eo
381 3847 447 3896 quoe
464 3835 510 3882 hoc
528 3837 552 3883 et
569 3836 685 3894 sequenti
702 3833 775 3882 titulo
793 3834 956 3882 conticentur
972 3833 1084 3894 sortasse
1101 3834 1207 3882 rubrica
1224 3833 1259 3884 de
1271 3837 1369 3898 poenis

288 3903 329 3966 [cf.
345 3904 379 3952 od
390 3917 416 3952 u.
433 3907 443 3950 4
449 3901 472 3962 94
488 3902 636 3962 complexus
649 3906 686 3951 est
720 3900 731 3964 11
768 3904 798 3950 46
817 3901 861 3950 uel
875 3901 1055 3950 concitatores
1067 3901 1170 3964 populi]
1184 3903 1285 3966 populo
1300 3917 1369 3954 con-

286 3972 367 4021 citato
377 3971 437 4034 Dip.
463 3971 474 4033 ΙΙ
500 3973 529 4033 ll
545 3969 665 4032 crucem]
680 3969 784 4020 furcam
796 3970 855 4032 Dip.
881 3969 892 4032 ΙΙ
917 3972 948 4016 49
964 3969 1171 4019 (irornaticorcm
1180 3973 1278 4020 codices
1287 3985 1369 4034 proc-

284 4042 389 4089 mittunt
399 4039 472 4089 Pauli
483 4040 678 4090 sententiarum
688 4037 759 4088 libro
769 4039 791 4088 V
803 4038 882 4088 titulo
892 4037 926 4087 de
935 4039 1031 4101 poenis
1053 4036 1064 4100 ΙΙ
1088 4036 1201 4088 arbores
1212 4039 1257 4089 uel
1270 4043 1368 4091 codices

285 4121 343 4156 cum
358 4107 497 4157 cromatio.
514 4106 636 4165 (arbores
648 4107 694 4156 uel
705 4107 800 4156 finales
815 4107 903 4160 mon
916 4105 1027 4169 Erfurt.)
1058 4107 1070 4170 ΙΙ
1099 4111 1131 4156 2⁰
1145 4107 1174 4156 id
1186 4120 1236 4159 om.
1251 4108 1337 4158 Grom.
1357 4107 1368 4176 ΙΙ

285 4181 314 4224 tl
337 4174 539 4226 damnabuntur
552 4175 639 4225 Grom.
671 4175 682 4238 11
713 4179 743 4223 22
763 4179 809 4224 aut
821 4176 930 4225 exulare
946 4176 992 4238 l-ri
1005 4173 1077 4238 MLb)
1093 4189 1151 4239 cog.
1167 4189 1215 4226 om.
1234 4177 1321 4228 Grom.
