3028 4830
538 371 621 384 ...-
666 340 705 402 25
751 372 836 384 ...-
1121 339 1181 404 le.
1195 341 1228 388 44

143 528 341 588 Latinitatem
363 528 584 607 consequitur,
618 526 703 607 quod
727 546 788 588 non
811 527 934 607 proiioit
957 526 997 594 ad
1020 526 1229 590 hereditatem

102 613 121 671 9
142 612 340 693 capiendam.
381 613 508 674 Alienos
524 631 633 675 seruos
649 612 784 676 heredes
806 613 971 674 instituere
995 632 1162 694 possumus
1178 633 1230 675 eos

141 707 274 778 tautum,
295 718 428 778 quorum
444 719 516 760 oum
533 698 669 762 dominis
685 700 866 760 testamenti
882 698 1047 762 4464444644
1063 698 1227 762 habemus.

80 783 122 843 40
143 785 326 848 Communis
348 803 462 848 seruus
492 804 564 848 oum
585 784 733 847 libertate
756 793 839 846 reete
864 783 994 864 quidem
1023 786 1115 847 heres
1137 787 1231 848 insti-

142 872 246 933 tuitur
261 872 350 951 quasi
358 872 514 954 proprius
536 890 594 952 pro
609 881 699 951 parte
721 880 842 932 nostra:
862 873 931 932 sine
954 870 1102 933 libertate
1125 879 1230 934 autem
1250 883 1263 930 4

81 956 118 1014 44
144 959 237 1037 quasi
265 957 389 1020 alienus
411 966 540 1038 propter
562 959 638 1018 sooii
668 966 801 1038 partem.
847 957 995 1037 Proprius
1021 975 1136 1019 seruus
1159 977 1229 1019 eum

61 1049 63 1058 “
144 1043 291 1106 libertate
320 1044 414 1106 heres
443 1045 608 1105 institutus
635 1045 661 1106 si
692 1042 822 1123 quidem
845 1043 879 1104 in
906 1042 1019 1105 eadem
1041 1061 1134 1105 eausa
1157 1063 1232 1124 per-

146 1131 307 1206 manserit,
335 1149 375 1190 64
397 1135 585 1190 testamento
607 1128 689 1190 liber
712 1140 742 1191 et
765 1130 859 1190 heres
882 1129 933 1207 fit,
959 1128 992 1190 id
1016 1137 1064 1190 est
1085 1148 1232 1191 neeessa-

82 1214 125 1274 ta
146 1217 225 1277 rius.
272 1215 362 1287 Quod
393 1218 418 1278 si
440 1215 481 1276 ab
511 1217 579 1295 ipso
601 1224 749 1278 testatore
777 1217 909 1277 uiuente
939 1217 1151 1276 manumissus
1179 1215 1231 1276 uei

145 1303 302 1362 alienatus
324 1303 382 1380 sit,
415 1321 472 1364 suo
493 1300 623 1362 arbitrio
654 1302 705 1363 uel
728 1304 818 1363 iussu
848 1303 999 1381 emptoris
1022 1301 1231 1364 hereditatem
1252 1313 1282 1359 tt

144 1388 234 1450 adire
250 1397 365 1467 potest.
406 1388 462 1450 sed
478 1389 503 1448 si
528 1389 596 1448 sine
612 1386 758 1449 libertate
774 1389 815 1449 sit
833 1388 1008 1465 institutus,
1028 1389 1154 1449 omnino
1169 1407 1231 1448 non

82 1472 124 1531 43
144 1474 288 1538 oonsistit
303 1475 468 1536 institutio.
494 1472 626 1536 Alienus
642 1493 757 1536 seruus
772 1475 865 1535 heros
881 1475 1045 1536 institutus
1060 1474 1088 1534 si
1104 1472 1231 1553 quidem

145 1563 180 1621 in
203 1579 239 1622 ea
267 1578 362 1622 eausa
384 1561 611 1640 permanserit,
639 1561 728 1622 iussu
757 1559 876 1620 domini
899 1559 995 1622 debet
1024 1559 1232 1621 hereditatem

144 1645 247 1708 adire.
290 1644 376 1724 quod
398 1648 426 1708 si
448 1648 523 1708 uiuo
552 1655 703 1708 testatore
727 1647 939 1708 manumissus
969 1655 1023 1708 aut
1045 1646 1256 1728 4446444444Ι

145 1732 273 1794 domiuo
296 1731 409 1810 446444,
436 1743 490 1794 aut
512 1751 568 1794 suo
591 1731 721 1792 arbitrio
750 1743 804 1794 aut
827 1733 916 1794 iussu
945 1733 1097 1812 emptoris
1120 1733 1233 1812 poterit
1253 1744 1283 1789 ts

144 1817 236 1880 adire
252 1817 472 1880 hereditatem.
1119 1828 1122 1837 ·

84 1907 124 1967 44
234 1905 289 1966 Sui
306 1903 442 1965 heredes
455 1903 643 1966 instituendi
659 1913 733 1966 sunt
745 1904 798 1965 uel
811 1901 1036 1965 exheredandi.
1063 1904 1110 1964 sui
1128 1913 1232 1964 autem

145 1989 283 2052 heredes
304 2000 379 2052 sunt
394 1989 503 2061 liberi,
523 2007 601 2069 quos
618 1993 650 2052 44
673 1999 827 2070 potestate
843 1988 1006 2065 habemus,
1024 1999 1087 2050 tam
1104 1999 1235 2051 natura-

145 2077 194 2138 les
209 2094 305 2155 quam
320 2076 479 2156 adoptiui:
506 2079 579 2138 item
596 2097 693 2153 uxor,
717 2095 798 2157 quae
815 2077 846 2136 44
870 2095 965 2138 manu
982 2085 1045 2149 est,
1072 2085 1103 2136 64
1119 2093 1230 2146 44444,

84 2165 125 2224 45
145 2163 280 2242 quaein
297 2181 392 2224 manu
412 2174 460 2224 est
475 2163 542 2238 filii,
562 2180 656 2242 quem
673 2165 704 2224 in
727 2171 881 2242 potestate
897 2160 1063 2223 hebemus.
1096 2162 1233 2222 Postumi
1253 2172 1284 2218 44

146 2266 275 2328 quoque
290 2247 402 2327 liberi,
423 2247 518 2310 idest
534 2251 590 2328 qui
606 2251 639 2310 in
656 2257 747 2310 utero
762 2257 851 2324 sunt,
871 2247 898 2308 si
914 2247 992 2310 tales
1007 2256 1098 2322 sunt,
1117 2257 1153 2308 ut
1168 2248 1234 2308 nati

147 2337 182 2396 44
197 2343 352 2414 potestate
363 2343 468 2396 nostra
484 2335 582 2396 futuri
599 2337 672 2413 siut,
692 2353 822 2396 suorum
835 2332 987 2395 heredum
999 2352 1131 2395 numero
1146 2342 1231 2395 sunt.

84 2424 126 2483 46
148 2422 196 2482 Ex
207 2421 274 2482 suis
290 2420 465 2483 heredibus
477 2421 561 2482 filius
578 2420 708 2501 quidem
722 2438 828 2500 neque
844 2421 937 2480 heres
951 2420 1115 2481 institutus
1128 2438 1234 2498 neque

86 2509 126 2569 47
147 2507 332 2568 nominatim
348 2507 559 2569 exheredatus
575 2525 637 2568 nou
653 2507 773 2586 patitur
788 2506 895 2568 ualere
911 2515 1147 2566 testamentum.
1173 2506 1235 2566 Re-

146 2594 254 2672 liquae
276 2612 352 2654 uero
373 2611 528 2672 personae
550 2591 737 2670 liberorum,
756 2591 845 2654 uelut
861 2591 924 2652 filia
946 2610 1045 2671 nepos
1061 2593 1182 2671 neptis,
1207 2593 1233 2651 si
1255 2601 1285 2646 44

147 2679 337 2759 praeteritae
361 2680 439 2753 sint,
465 2681 552 2740 ualet
573 2688 814 2755 testamentum,
840 2677 893 2739 sed
913 2678 1041 2756 scriptis
1062 2675 1236 2739 heredibus

146 2763 353 2842 adcrescunt,
379 2767 445 2828 suis
468 2763 598 2845 quidem
620 2763 794 2826 heredibus
818 2765 851 2824 in
866 2773 988 2842 partem
1009 2764 1153 2834 uirilem,
1179 2781 1237 2823 ex-

86 2855 127 2913 48
147 2853 270 2912 traneis
292 2860 397 2912 autem
421 2852 453 2912 in
476 2860 599 2930 partem
616 2850 792 2912 dimidiam.
834 2841 971 2910 Postumi
993 2867 1120 2928 quoque
1143 2847 1235 2909 liberi

148 2938 378 3015 ouiusoumquo
400 2956 496 2998 sexus
511 2939 634 3014 omissi,
661 2935 746 3015 quod
760 2937 862 2998 ualuit
877 2943 1119 3010 testamentum,
1138 2952 1237 3012 agnu—

88 3026 128 3085 to
148 3025 234 3084 tione
251 3031 412 3102 rumpunt.
454 3024 514 3084 Eos
537 3024 593 3103 qui
615 3024 648 3084 in
672 3033 762 3084 utero
785 3031 877 3097 sunt,
904 3021 931 3081 si
948 3021 1014 3082 nati
1029 3021 1080 3080 sui
1101 3017 1236 3080 heredes
1255 3029 1285 3075 ³⁰

148 3107 241 3170 nobis
262 3107 361 3170 futuri
377 3120 469 3187 sunt,
494 3127 662 3189 possumus
686 3109 853 3170 instituere
875 3106 1027 3184 heredes,
1055 3106 1082 3166 si
1105 3103 1234 3185 quidem

147 3203 364 3274 postmortem
380 3204 517 3256 nostram
530 3204 711 3271 nascautur,
730 3213 770 3254 ex
786 3195 856 3254 iure
868 3193 967 3267 ciuili,
985 3192 1012 3253 si
1028 3210 1104 3256 uero
1119 3194 1237 3252 uiuen-

85 3283 128 3344 20
149 3279 237 3342 tibus
252 3279 354 3357 nobis,
373 3301 414 3344 ex
429 3281 499 3360 lege
514 3281 612 3342 lunia.
653 3280 749 3341 Filius
763 3279 818 3357 qui
835 3280 868 3340 in
883 3286 1037 3356 potestate
1054 3286 1112 3356 est,
1130 3279 1157 3339 si
1174 3295 1234 3338 non

150 3367 334 3429 instituatur
355 3367 464 3444 heres,
490 3367 674 3433 nominatim
698 3364 886 3427 exheredari
908 3363 1021 3425 debet:
1049 3364 1163 3442 reliqui
1186 3363 1235 3424 sui

150 3450 285 3514 heredes
312 3453 479 3532 utriusque
501 3471 597 3514 sexus
622 3461 677 3514 aut
698 3452 883 3512 nominatim
909 3458 964 3510 aut
990 3450 1075 3510 inter
1101 3459 1231 3510 eeteros.
1256 3459 1286 3505 44

87 3541 124 3604 tt
151 3540 317 3599 Postumus
338 3538 422 3600 iilius
445 3539 629 3599 nominatim
652 3534 894 3599 exheredandus
916 3545 981 3597 est:
1006 3534 1070 3596 filia
1092 3543 1236 3614 postuma

150 3633 341 3704 ceteraeque
364 3635 528 3704 postumae
551 3623 685 3684 feminae
701 3623 754 3684 uel
776 3621 960 3683 nominatim
977 3621 1029 3682 uel
1051 3622 1135 3681 inter
1150 3629 1237 3680 eete-

157 3809 437 3826 wvAvvvxxvvxvvxm
447 3815 460 3825 μ
480 3806 557 3826 „sswm
567 3814 581 3824 υ
592 3813 627 3824 Μ]
638 3813 659 3824 ιι
677 3813 724 3823 mm
742 3813 770 3822 ,m
781 3813 786 3822 s
798 3813 800 3820 t
829 3810 872 3820 «m
881 3810 929 3820 νυν
947 3811 952 3820 x
962 3809 968 3820 s
994 3811 999 3820 x
1011 3809 1023 3819 a
1034 3809 1206 3820 ‘mummium-mm
1216 3811 1220 3818 t
1230 3809 1235 3817 x

221 3956 231 4000 4
254 3951 420 4002 4444444460
448 3948 458 4016 ΙΙ
488 3953 623 4002 stantum
636 3947 861 4012 Eupo,tnmenC
884 3943 895 4012 ΙΙ
920 3945 1060 3996 dominic
1084 3944 1093 4009 ξί
1119 3945 1237 3996 44644446
1302 3957 1306 3980 ·

153 4020 173 4072 C
200 4019 211 4088 ΙΙ
241 4024 385 4085 44444464
402 4025 506 4084 partem
525 4022 645 4070 nostram
658 4017 775 4067 Huschke
802 4013 812 4080 ΙΙ
840 4019 874 4066 44
887 4014 1068 4065 4444644440
1095 4012 1105 4080 ΙΙ
1134 4017 1166 4064 44
1187 4029 1237 4066 44-

151 4088 456 4153 minutiquoexher.c
489 4084 499 4154 11
534 4092 566 4138 se
586 4087 633 4138 sed
650 4084 883 4144 CuiuoiuuomC
916 4081 926 4150 ΙΙ
961 4087 993 4132 49
1011 4085 1238 4147 agnihonerum-

151 4157 290 4223 punturC
318 4154 328 4222 ΙΙ
358 4162 388 4208 44
409 4159 481 4208 44444
495 4154 637 4219 Sabutum,
653 4155 717 4205 iulia
734 4153 753 4204 G
