3066 4826
574 396 660 408 .......
703 361 743 424 99
787 398 873 408 ...-
1061 364 1136 414 Paul.
1150 367 1194 424 IV,
1209 369 1233 415 7.
1249 369 1263 414 8

521 548 572 630 [ur
614 569 651 610 ns
674 569 744 612 naor
767 551 921 634 corrono]
990 594 991 598 ,

140 673 154 730 4
270 669 330 742 Qui
345 656 569 732 testamentum
583 669 696 732 falsum
717 671 880 751 scripserit
894 672 1079 734 recitauerit
1093 671 1265 746 subiecerit

180 755 357 835 signauerit
368 757 582 836 suppresserit
592 758 747 820 amouerit
758 757 968 837 resignauerit
978 756 1145 837 deleuerit,
1163 777 1265 838 poena

180 842 261 921 legis
279 841 442 903 Corneliae
466 841 507 903 dc
526 841 613 904 falsis
634 841 813 922 tenebitur,
839 841 872 904 id
887 851 934 904 cst
949 843 981 902 in
998 843 1265 924 insulamdepor·

139 931 160 988 4
179 937 277 990 tatur.
324 927 390 988 Non
414 937 536 990 tantum
558 928 601 1006 is,
622 929 678 1008 qui
693 937 916 990 testamentum
937 927 1072 990 subiecit
1087 932 1266 1010 suppressit
1284 943 1297 988 s

180 1013 320 1091 deleuit,
339 1032 441 1094 poona
456 1015 535 1094 legis
552 1014 712 1076 Corneliae
729 1023 907 1092 coercetur,
927 1013 984 1076 sed
1000 1023 1031 1077 et
1047 1015 1073 1076 is
1089 1017 1145 1095 qni
1160 1017 1265 1077 sciens

139 1101 160 1160 3
182 1097 253 1160 dolo
269 1099 351 1160 malo
367 1099 400 1160 id
417 1099 485 1162 fieri
502 1101 593 1162 iussit
613 1099 835 1162 faciendumne
850 1101 983 1162 curauit.
1030 1101 1264 1163 Testamentum

180 1185 367 1266 supprimit,
387 1186 440 1265 qui
457 1188 560 1248 sciens
575 1185 781 1267 prudensque
796 1185 920 1248 tabulas
935 1188 1114 1249 testamenti
1130 1189 1163 1248 in
1179 1185 1266 1249 irau-

182 1271 255 1332 dem
277 1270 430 1332 heredum
448 1271 507 1336 ,uel
535 1272 758 1352 legatariorum
785 1272 1189 1335 fideiuecommissoriorum
1212 1282 1266 1335 aut

141 1356 378 1418 ilibertatium
400 1377 463 1418 non
485 1357 614 1438 prolert.
661 1359 866 1438 Supprimere
892 1357 1016 1420 tabulas
1041 1357 1184 1436 uidetur,
1210 1360 1266 1439 qui
1285 1371 1314 1416 4ο

140 1445 161 1502 5
182 1462 255 1504 oum
270 1441 385 1504 habeat
408 1453 438 1504 et
453 1443 595 1524 prolerre
611 1445 719 1524 possit,
740 1463 792 1504 eas
808 1442 952 1525 prolerre
968 1463 1031 1506 non
1046 1454 1144 1506 aurat.
1172 1444 1266 1506 Codi-

183 1529 247 1589 cilli
265 1547 390 1608 quoque
406 1530 433 1589 si
448 1530 565 1590 lateant
580 1549 639 1590 nec
654 1527 866 1611 proferantur,
886 1531 1041 1610 supprimi
1056 1530 1262 1593 uidebuntur.

141 1617 162 1676 6
181 1613 293 1675 Edicto
308 1623 461 1694 perpetuo
477 1624 616 1694 cauetur,
636 1626 688 1694 ut,
708 1617 735 1676 si
750 1614 876 1676 tabulae
892 1617 1073 1678 testamenti
1088 1636 1151 1678 non
1167 1635 1265 1697 appa·
1351 1625 1355 1632 “

182 1710 290 1778 reant,
317 1699 356 1761 de
372 1719 481 1761 earum
504 1701 696 1762 exhibitione
713 1700 880 1762 interdicto
904 1701 1028 1763 reddito
1050 1703 1131 1771 intra
1146 1721 1265 1764 annum

130 1787 133 1792 '
181 1787 232 1865 agi
255 1787 369 1866 possit,
397 1786 520 1866 quoad
544 1787 760 1849 exhibendum
783 1787 982 1868 compellitur
1004 1790 1059 1868 qui
1082 1791 1261 1870 supprimit.
1285 1800 1316 1846 48

181 1871 362 1933 tabularum
379 1882 483 1934 autem
499 1873 709 1954 appellatione
731 1873 857 1935 chartae
873 1893 999 1955 quoque
1016 1883 1047 1936 ct
1063 1874 1265 1936 membranae

181 1959 396 2020 continentur.

422 2145 483 2227 [vm
526 2164 563 2206 nr
587 2167 806 2210 rrrrsmrouvn
829 2148 1027 2229 svccessronn]

144 2267 157 2325 4
269 2264 430 2327 *intestati
446 2265 605 2346 dicuntur,
624 2269 679 2348 qui
692 2276 916 2330 testamentum
931 2269 1034 2330 lacere
1047 2286 1109 2329 non
1121 2275 1263 2348 possunt,

180 2351 254 2413 *uel
277 2352 338 2432 ipsi
360 2352 478 2430 linum,
503 2361 540 2414 ut
562 2355 701 2414 intestati
717 2353 926 2432 decederent,
945 2353 1156 2434 abruperunt,
1178 2353 1229 2414 uel
1245 2354 1267 2413 ii
1286 2366 1318 2411 ao

180 2437 337 2517 *quorum
353 2436 512 2499 hereditas
528 2438 696 2519 repudiata
713 2449 775 2518 cst,
796 2442 927 2502 cuiusne
943 2439 1085 2501 condicio
1101 2437 1264 2522 defecerit.

143 2526 162 2588 2
181 2521 302 2604 *[Sine]
322 2525 390 2592 inre
406 2525 563 2604 practorio
579 2523 695 2587 lactum
712 2534 934 2588 testamentum
946 2525 1067 2586 obiecta
1080 2524 1143 2587 doli
1160 2543 1268 2604 excep

128 2611 164 2672 2⁸
182 2608 289 2671 *tione
310 2608 477 2670 obtinebit.
525 2611 662 2686 Quorum
683 2620 870 2673 testamenta
890 2621 1083 2692 rumpuntur
1105 2619 1158 2672 aut
1174 2611 1268 2671 inrita

180 2695 292 2774 *tuna
312 2697 379 2775 ipso
391 2694 521 2775 quidem
538 2698 607 2758 lure
624 2699 730 2759 testati
743 2697 913 2775 decedunt,
932 2697 990 2759 sed
1001 2715 1260 2776 perconsequen·

142 2783 160 2842 3
180 2781 261 2842 *tias
277 2781 399 2843 sublato
414 2789 600 2843 testamento
617 2783 757 2845 intestati
773 2783 942 2844 decedunt.
974 2784 1194 2844 Intestatornm
1210 2781 1267 2841 he·
1286 2793 1317 2838 45

180 2861 322 2928 *reditas
345 2867 414 2947 lego
437 2867 604 2929 duodecim
625 2867 804 2930 tabularum
833 2870 972 2949 primum
994 2869 1060 2930 suis
1082 2865 1264 2944 heredibus,

183 2952 321 3014 *deinde
336 2954 458 3034 agnatis
474 2963 505 3014 ct
519 2954 688 3033 aliquando
712 2972 836 3034 quoquc
853 2953 1026 3034 gentibbus
1049 2951 1264 3014 deferebatur.
1319 3021 1322 3026 ¹

180 3038 278 3100 *sanc
301 3041 540 3119 consanguinei,
566 3057 639 3121 quos
654 3040 706 3101 lex
727 3039 1083 3120 non-apprehenderat,
1108 3039 1269 3118 interprc-
1317 3055 1319 3062 ¹

1030 3223 1266 3239 svmmvvvvw

255 3317 279 3374 8,
295 3316 377 3362 4-49
392 3333 423 3356 =
440 3313 546 3364 collatio
560 3315 601 3374 46,
617 3314 630 3360 8

182 3449 293 3462 WMM

255 3555 268 3600 3
289 3551 470 3615 suppresserit
481 3563 506 3600 a.
522 3551 620 3614 resign.
635 3551 665 3609 L,
685 3563 734 3600 om.
751 3551 787 3610 M,
808 3551 839 3613 cs,
857 3554 881 3610 5,
897 3553 938 3610 45,
955 3554 964 3598 4
1016 3551 1026 3614 41
1074 3552 1087 3597 8
1108 3548 1224 3600 subiecit
1236 3551 1265 3606 L,

182 3634 234 3671 ooo.
256 3621 285 3670 Μ
330 3619 341 3684 ΙΙ
388 3618 612 3669 tiaciendumue
631 3621 703 3680 dett,
723 3617 932 3682 faciendumque
951 3619 987 3676 M,
1008 3618 1225 3682 faciendoqueL
1259 3617 1268 3684 l!

185 3694 200 3738 9
218 3689 530 3739 fideiuccommissorum
543 3689 579 3748 M,
594 3687 957 3752 fideiquecommissorumL
987 3687 997 3750 ΙΙ
1029 3691 1059 3736 tt
1078 3686 1181 3751 profert
1194 3689 1266 3743 dett..

184 3757 348 3824 profanati,
363 3755 527 3822 prolerreM
563 3756 574 3820 ΙΙ
614 3761 644 3806 46
663 3759 754 3806 autem
768 3757 796 3815 L,
811 3757 963 3820 quoqueM
996 3755 1006 3818 ΙΙ
1043 3760 1073 3804 48
1093 3758 1268 3806 successione

191 3828 335 3889 Wisipctbt,
356 3824 577 3876 successionibus
593 3825 654 3876 Coit.
676 3829 700 3875 at
718 3827 774 3874 Laoc
787 3826 857 3874 Rom.
873 3825 953 3888 Bury.
971 3827 1012 3884 48,
1028 3828 1052 3883 ³,
1073 3824 1269 3874 hereditatibus

184 3896 400 3957 appendicem.
417 3898 446 3943 44
489 3893 500 3956 ΙΙ
543 3897 574 3942 4ο
594 3893 736 3955 hiicclta,
757 3893 998 3944 proeconantur
1044 3893 1055 3956 ll
1103 3895 1130 3941 44
1154 3895 1268 3944 cuiusue

183 3963 781 4027 sortasscaceinstitutionisuccorruptumst
809 3962 820 4025 ΙΙ
851 3965 881 4011 44
902 3961 1021 4011 sinedel.
1053 3961 1064 4025 ΙΙ
1094 3961 1268 4012 abiectadolt

185 4033 374 4096 expectatione
391 4031 476 4094 (mem
493 4031 587 4088 coitu)
603 4033 700 4080 codices
740 4031 750 4094 ΙΙ
793 4033 823 4078 48
843 4029 969 4094 quorum]
987 4027 1083 4080 eorum
1096 4045 1212 4094 quorum
1225 4045 1269 4081 co*

185 4103 253 4151 dices
291 4100 302 4164 14
342 4103 373 4148 47
392 4099 536 4164 gentilibus
549 4101 677 4159 Pithoeus,
696 4099 822 4162 gentibus
834 4101 932 4149 codices
972 4099 983 4164 ΙΙ
1025 4103 1055 4148 48
1076 4100 1270 4163 consanguinei

185 4183 254 4234 quos
270 4169 400 4230 coiectas,
415 4170 623 4232 consanguineis
635 4170 733 4219 codices

1026 4251 1063 4301 7*

1478 1238 1514 1282 ὓ
