<?xml version="1.0" encoding="UTF-8"?>
<!DOCTYPE html PUBLIC "-//W3C//DTD XHTML 1.0 Transitional//EN"
    "http://www.w3.org/TR/xhtml1/DTD/xhtml1-transitional.dtd">
<html xmlns="http://www.w3.org/1999/xhtml" xml:lang="en" lang="en">
 <head>
  <title>
</title>
<meta http-equiv="Content-Type" content="text/html;charset=utf-8" />
  <meta name='ocr-system' content='tesseract 3.04.00' />
  <meta name='ocr-capabilities' content='ocr_page ocr_carea ocr_par ocr_line ocrx_word'/>
</head>
<body>
  <div class='ocr_page' id='page_1' title='image "./ulpianilibersin00kruegoog_0084.png"; bbox 0 0 3028 4830; ppageno 0'>
   <div class='ocr_carea' id='block_1_1' title="bbox 561 364 1252 426">
    <p class='ocr_par' dir='ltr' id='par_1_1' title="bbox 561 364 1252 426">
     <span class='ocr_line' id='line_1_1' title="bbox 561 364 1252 426; baseline 0.003 -16"><span class='ocrx_word' id='word_1_1' title='bbox 561 397 647 410; x_wconf 80' lang='lat'>...-</span> <span class='ocrx_word' id='word_1_2' title='bbox 691 365 728 426; x_wconf 87' lang='lat'>71</span> <span class='ocrx_word' id='word_1_3' title='bbox 775 397 861 410; x_wconf 81' lang='lat'>...-</span> <span class='ocrx_word' id='word_1_4' title='bbox 1007 364 1081 414; x_wconf 84' lang='lat' dir='ltr'>Paul.</span> <span class='ocrx_word' id='word_1_5' title='bbox 1096 365 1129 423; x_wconf 92' lang='lat' dir='ltr'>ll,</span> <span class='ocrx_word' id='word_1_6' title='bbox 1144 367 1186 414; x_wconf 72' lang='lat' dir='ltr'>lo.</span> <span class='ocrx_word' id='word_1_7' title='bbox 1201 367 1252 413; x_wconf 69' lang='lat' dir='ltr'>fta</span> 
     </span>
    </p>
   </div>
   <div class='ocr_carea' id='block_1_2' title="bbox 128 551 1254 739">
    <p class='ocr_par' dir='ltr' id='par_1_2' title="bbox 128 551 1254 739">
     <span class='ocr_line' id='line_1_2' title="bbox 128 551 1254 633; baseline 0 -19"><span class='ocrx_word' id='word_1_8' title='bbox 128 553 146 614; x_wconf 81' lang='lat'><strong>2</strong></span> <span class='ocrx_word' id='word_1_9' title='bbox 166 551 402 614; x_wconf 77' lang='lat' dir='ltr'>*Concubinam</span> <span class='ocrx_word' id='word_1_10' title='bbox 427 571 467 613; x_wconf 78' lang='lat' dir='ltr'>er</span> <span class='ocrx_word' id='word_1_11' title='bbox 483 571 519 614; x_wconf 89' lang='lat' dir='ltr'>ea</span> <span class='ocrx_word' id='word_1_12' title='bbox 542 554 721 632; x_wconf 90' lang='lat' dir='ltr'>prouincia,</span> <span class='ocrx_word' id='word_1_13' title='bbox 745 554 779 614; x_wconf 92' lang='lat' dir='ltr'>in</span> <span class='ocrx_word' id='word_1_14' title='bbox 796 571 858 633; x_wconf 91' lang='lat' dir='ltr'>qua</span> <span class='ocrx_word' id='word_1_15' title='bbox 874 554 947 633; x_wconf 91' lang='lat' dir='ltr'>quis</span> <span class='ocrx_word' id='word_1_16' title='bbox 962 551 1085 632; x_wconf 92' lang='lat' dir='ltr'>aliquid</span> <span class='ocrx_word' id='word_1_17' title='bbox 1100 551 1254 614; x_wconf 89' lang='lat' dir='ltr'>adminis-</span> 
     </span>
     <span class='ocr_line' id='line_1_3' title="bbox 166 637 549 739; baseline 0 -39"><span class='ocrx_word' id='word_1_18' title='bbox 166 641 261 718; x_wconf 78' lang='lat' dir='ltr'>*trat,</span> <span class='ocrx_word' id='word_1_19' title='bbox 280 637 399 701; x_wconf 90' lang='lat' dir='ltr'>habere</span> <span class='ocrx_word' id='word_1_20' title='bbox 414 641 549 739; x_wconf 71' lang='lat' dir='ltr'>potest*</span> 
     </span>
    </p>
   </div>
   <div class='ocr_carea' id='block_1_3' title="bbox 168 829 1252 994">
    <p class='ocr_par' dir='ltr' id='par_1_3' title="bbox 168 829 1252 994">
     <span class='ocr_line' id='line_1_4' title="bbox 168 829 1252 906; baseline 0 -18"><span class='ocrx_word' id='word_1_21' title='bbox 168 831 242 906; x_wconf 61' lang='lat' dir='ltr'>[xxii</span> <span class='ocrx_word' id='word_1_22' title='bbox 286 829 341 888; x_wconf 82' lang='lat' dir='ltr'>*on</span> <span class='ocrx_word' id='word_1_23' title='bbox 362 845 534 888; x_wconf 76' lang='lat' dir='ltr'>miramars</span> <span class='ocrx_word' id='word_1_24' title='bbox 558 846 631 900; x_wconf 70' lang='lat' dir='ltr'>ovar</span> <span class='ocrx_word' id='word_1_25' title='bbox 653 845 684 888; x_wconf 87' lang='lat' dir='ltr'>sr</span> <span class='ocrx_word' id='word_1_26' title='bbox 707 845 804 888; x_wconf 81' lang='lat' dir='ltr'>srnvrs</span> <span class='ocrx_word' id='word_1_27' title='bbox 826 845 939 889; x_wconf 77' lang='lat' dir='ltr'>lorrms</span> <span class='ocrx_word' id='word_1_28' title='bbox 962 843 1116 888; x_wconf 80' lang='lat' dir='ltr'>rvnxnnmr</span> <span class='ocrx_word' id='word_1_29' title='bbox 1137 843 1191 887; x_wconf 79' lang='lat' dir='ltr'>var.</span> <span class='ocrx_word' id='word_1_30' title='bbox 1214 843 1252 888; x_wconf 76' lang='lat' dir='ltr'>lo</span> 
     </span>
     <span class='ocr_line' id='line_1_5' title="bbox 429 911 983 994; baseline 0 -20"><span class='ocrx_word' id='word_1_31' title='bbox 429 915 574 976; x_wconf 70' lang='lat' dir='ltr'>*sanares</span> <span class='ocrx_word' id='word_1_32' title='bbox 596 931 767 975; x_wconf 77' lang='lat' dir='ltr'>consvrrru</span> <span class='ocrx_word' id='word_1_33' title='bbox 790 911 983 994; x_wconf 75' lang='lat' dir='ltr'>corennum]</span> 
     </span>
    </p>
   </div>
   <div class='ocr_carea' id='block_1_4' title="bbox 99 1031 1302 3520">
    <p class='ocr_par' dir='ltr' id='par_1_4' title="bbox 128 1031 1285 1198">
     <span class='ocr_line' id='line_1_6' title="bbox 128 1031 1285 1114; baseline 0.003 -24"><span class='ocrx_word' id='word_1_34' title='bbox 128 1033 140 1090; x_wconf 91' lang='lat' dir='ltr'>l</span> <span class='ocrx_word' id='word_1_35' title='bbox 253 1035 305 1095; x_wconf 81' lang='lat' dir='ltr'>*si</span> <span class='ocrx_word' id='word_1_36' title='bbox 323 1033 437 1094; x_wconf 91' lang='lat' dir='ltr'>mulier</span> <span class='ocrx_word' id='word_1_37' title='bbox 448 1032 585 1114; x_wconf 77' lang='lat' dir='ltr'>ingenua</span> <span class='ocrx_word' id='word_1_38' title='bbox 600 1034 744 1113; x_wconf 91' lang='lat' dir='ltr'>cinisque</span> <span class='ocrx_word' id='word_1_39' title='bbox 759 1034 896 1094; x_wconf 89' lang='lat' dir='ltr'>Romana</span> <span class='ocrx_word' id='word_1_40' title='bbox 912 1032 964 1094; x_wconf 92' lang='lat' dir='ltr'>uel</span> <span class='ocrx_word' id='word_1_41' title='bbox 979 1032 1087 1094; x_wconf 88' lang='lat' dir='ltr'>Latina</span> <span class='ocrx_word' id='word_1_42' title='bbox 1098 1031 1202 1094; x_wconf 90' lang='lat' dir='ltr'>alieno</span> <span class='ocrx_word' id='word_1_43' title='bbox 1217 1050 1252 1094; x_wconf 87' lang='lat' dir='ltr'>se</span> <span class='ocrx_word' id='word_1_44' title='bbox 1270 1047 1285 1093; x_wconf 77' lang='lat' dir='ltr'>s</span> 
     </span>
     <span class='ocr_line' id='line_1_7' title="bbox 161 1113 1251 1198; baseline -0.003 -18"><span class='ocrx_word' id='word_1_45' title='bbox 161 1113 279 1181; x_wconf 82' lang='lat' dir='ltr'>&#39;*seruo</span> <span class='ocrx_word' id='word_1_46' title='bbox 291 1119 501 1195; x_wconf 82' lang='lat' dir='ltr'>coniunxerit,</span> <span class='ocrx_word' id='word_1_47' title='bbox 520 1120 546 1180; x_wconf 90' lang='lat' dir='ltr'>si</span> <span class='ocrx_word' id='word_1_48' title='bbox 559 1117 688 1198; x_wconf 90' lang='lat' dir='ltr'>quidem</span> <span class='ocrx_word' id='word_1_49' title='bbox 702 1119 803 1181; x_wconf 91' lang='lat' dir='ltr'>inuito</span> <span class='ocrx_word' id='word_1_50' title='bbox 815 1128 847 1181; x_wconf 89' lang='lat' dir='ltr'>et</span> <span class='ocrx_word' id='word_1_51' title='bbox 858 1118 1066 1182; x_wconf 80' lang='lat' dir='ltr'>denuntiante</span> <span class='ocrx_word' id='word_1_52' title='bbox 1078 1117 1203 1180; x_wconf 90' lang='lat' dir='ltr'>domino</span> <span class='ocrx_word' id='word_1_53' title='bbox 1218 1119 1251 1178; x_wconf 91' lang='lat' dir='ltr'>in</span> 
     </span>
    </p>

    <p class='ocr_par' dir='ltr' id='par_1_5' title="bbox 128 1203 1253 1371">
     <span class='ocr_line' id='line_1_8' title="bbox 128 1203 1252 1284; baseline -0.001 -19"><span class='ocrx_word' id='word_1_54' title='bbox 128 1204 145 1265; x_wconf 80' lang='lat'><strong>2</strong></span> <span class='ocrx_word' id='word_1_55' title='bbox 163 1204 297 1268; x_wconf 86' lang='lat' dir='ltr'>*eodem</span> <span class='ocrx_word' id='word_1_56' title='bbox 313 1203 519 1266; x_wconf 87' lang='lat' dir='ltr'>contubernio</span> <span class='ocrx_word' id='word_1_57' title='bbox 530 1207 797 1284; x_wconf 86' lang='lat' dir='ltr'>perseuerauerit,</span> <span class='ocrx_word' id='word_1_58' title='bbox 817 1205 953 1266; x_wconf 90' lang='lat' dir='ltr'>efficitur</span> <span class='ocrx_word' id='word_1_59' title='bbox 964 1204 1087 1267; x_wconf 89' lang='lat' dir='ltr'>aneilla.</span> <span class='ocrx_word' id='word_1_60' title='bbox 1113 1205 1146 1265; x_wconf 89' lang='lat' dir='ltr'>Si</span> <span class='ocrx_word' id='word_1_61' title='bbox 1159 1222 1252 1265; x_wconf 87' lang='lat' dir='ltr'>seruo</span> 
     </span>
     <span class='ocr_line' id='line_1_9' title="bbox 164 1290 1253 1371; baseline 0 -19"><span class='ocrx_word' id='word_1_62' title='bbox 164 1291 300 1371; x_wconf 87' lang='lat' dir='ltr'>*pupilli</span> <span class='ocrx_word' id='word_1_63' title='bbox 322 1291 459 1370; x_wconf 81' lang='lat' dir='ltr'>ingenua</span> <span class='ocrx_word' id='word_1_64' title='bbox 481 1291 595 1352; x_wconf 92' lang='lat' dir='ltr'>mulier</span> <span class='ocrx_word' id='word_1_65' title='bbox 616 1309 650 1353; x_wconf 94' lang='lat' dir='ltr'>se</span> <span class='ocrx_word' id='word_1_66' title='bbox 668 1292 852 1371; x_wconf 78' lang='lat' dir='ltr'>coniungat,</span> <span class='ocrx_word' id='word_1_67' title='bbox 877 1290 1115 1352; x_wconf 74' lang='lat' dir='ltr'>denuntiatione</span> <span class='ocrx_word' id='word_1_68' title='bbox 1141 1292 1253 1352; x_wconf 89' lang='lat' dir='ltr'>tutoris</span> 
     </span>
    </p>

    <p class='ocr_par' dir='ltr' id='par_1_6' title="bbox 127 1374 1252 1456">
     <span class='ocr_line' id='line_1_10' title="bbox 127 1374 1252 1456; baseline 0.002 -22"><span class='ocrx_word' id='word_1_69' title='bbox 127 1374 144 1434; x_wconf 88' lang='lat'><strong>3</strong></span> <span class='ocrx_word' id='word_1_70' title='bbox 164 1376 322 1438; x_wconf 82' lang='lat' dir='ltr'>*efficitur</span> <span class='ocrx_word' id='word_1_71' title='bbox 336 1376 459 1438; x_wconf 90' lang='lat' dir='ltr'>ancilla.</span> <span class='ocrx_word' id='word_1_72' title='bbox 484 1376 596 1437; x_wconf 81' lang='lat' dir='ltr'>Mulier</span> <span class='ocrx_word' id='word_1_73' title='bbox 611 1385 644 1437; x_wconf 93' lang='lat' dir='ltr'>et</span> <span class='ocrx_word' id='word_1_74' title='bbox 659 1378 684 1438; x_wconf 92' lang='lat' dir='ltr'>si</span> <span class='ocrx_word' id='word_1_75' title='bbox 701 1423 807 1438; x_wconf 92' lang='grc'><strong>.....</strong></span> <span class='ocrx_word' id='word_1_76' title='bbox 825 1424 832 1455; x_wconf 84' lang='grc'><strong><em>,</em></strong></span> <span class='ocrx_word' id='word_1_77' title='bbox 851 1387 957 1438; x_wconf 87' lang='lat' dir='ltr'>tamen</span> <span class='ocrx_word' id='word_1_78' title='bbox 969 1377 999 1438; x_wconf 92' lang='lat' dir='ltr'>ei</span> <span class='ocrx_word' id='word_1_79' title='bbox 1015 1394 1096 1456; x_wconf 86' lang='lat' dir='ltr'>quae</span> <span class='ocrx_word' id='word_1_80' title='bbox 1112 1395 1146 1437; x_wconf 91' lang='lat' dir='ltr'>se</span> <span class='ocrx_word' id='word_1_81' title='bbox 1158 1395 1252 1438; x_wconf 88' lang='lat' dir='ltr'>seruo</span> 
     </span>
    </p>

    <p class='ocr_par' dir='ltr' id='par_1_7' title="bbox 128 1460 1302 1629">
     <span class='ocr_line' id='line_1_11' title="bbox 128 1460 1302 1542; baseline 0.002 -23"><span class='ocrx_word' id='word_1_82' title='bbox 128 1462 144 1519; x_wconf 87' lang='lat' dir='ltr'>l</span> <span class='ocrx_word' id='word_1_83' title='bbox 162 1463 325 1524; x_wconf 86' lang='lat' dir='ltr'>*iunxerit</span> <span class='ocrx_word' id='word_1_84' title='bbox 339 1460 556 1524; x_wconf 88' lang='lat' dir='ltr'>denuntiando</span> <span class='ocrx_word' id='word_1_85' title='bbox 573 1461 712 1542; x_wconf 81' lang='lat' dir='ltr'>adquirit</span> <span class='ocrx_word' id='word_1_86' title='bbox 728 1463 886 1526; x_wconf 79' lang='lat' dir='ltr'>ancillam.</span> <span class='ocrx_word' id='word_1_87' title='bbox 920 1464 1104 1524; x_wconf 72' lang='lat' dir='ltr'>Procurator</span> <span class='ocrx_word' id='word_1_88' title='bbox 1120 1471 1152 1522; x_wconf 86' lang='lat' dir='ltr'>ot</span> <span class='ocrx_word' id='word_1_89' title='bbox 1167 1462 1251 1523; x_wconf 91' lang='lat' dir='ltr'>filius</span> <span class='ocrx_word' id='word_1_90' title='bbox 1271 1476 1302 1521; x_wconf 80' lang='lat' dir='ltr'>lo</span> 
     </span>
     <span class='ocr_line' id='line_1_12' title="bbox 161 1546 1252 1629; baseline 0.002 -21"><span class='ocrx_word' id='word_1_91' title='bbox 161 1547 319 1610; x_wconf 79' lang='lat' dir='ltr'>*familias</span> <span class='ocrx_word' id='word_1_92' title='bbox 335 1557 366 1609; x_wconf 91' lang='lat' dir='ltr'>et</span> <span class='ocrx_word' id='word_1_93' title='bbox 381 1566 495 1610; x_wconf 88' lang='lat' dir='ltr'>seruus</span> <span class='ocrx_word' id='word_1_94' title='bbox 511 1548 601 1610; x_wconf 92' lang='lat' dir='ltr'>iussu</span> <span class='ocrx_word' id='word_1_95' title='bbox 623 1550 723 1629; x_wconf 88' lang='lat' dir='ltr'>patris</span> <span class='ocrx_word' id='word_1_96' title='bbox 738 1559 791 1611; x_wconf 91' lang='lat' dir='ltr'>aut</span> <span class='ocrx_word' id='word_1_97' title='bbox 808 1547 925 1610; x_wconf 90' lang='lat' dir='ltr'>domini</span> <span class='ocrx_word' id='word_1_98' title='bbox 942 1546 1159 1610; x_wconf 91' lang='lat' dir='ltr'>denuntiando</span> <span class='ocrx_word' id='word_1_99' title='bbox 1174 1547 1252 1610; x_wconf 90' lang='lat' dir='ltr'>faci-</span> 
     </span>
    </p>

    <p class='ocr_par' dir='ltr' id='par_1_8' title="bbox 126 1631 1252 1802">
     <span class='ocr_line' id='line_1_13' title="bbox 126 1631 1252 1714; baseline 0.005 -24"><span class='ocrx_word' id='word_1_100' title='bbox 126 1631 144 1690; x_wconf 81' lang='lat'>5</span> <span class='ocrx_word' id='word_1_101' title='bbox 162 1636 243 1696; x_wconf 87' lang='lat' dir='ltr'>*unt</span> <span class='ocrx_word' id='word_1_102' title='bbox 257 1634 412 1696; x_wconf 83' lang='lat' dir='ltr'>ancillam.</span> <span class='ocrx_word' id='word_1_103' title='bbox 454 1634 487 1694; x_wconf 92' lang='lat' dir='ltr'>Si</span> <span class='ocrx_word' id='word_1_104' title='bbox 502 1634 657 1714; x_wconf 85' lang='lat' dir='ltr'>peculiari</span> <span class='ocrx_word' id='word_1_105' title='bbox 672 1653 766 1696; x_wconf 92' lang='lat' dir='ltr'>seruo</span> <span class='ocrx_word' id='word_1_106' title='bbox 783 1635 839 1696; x_wconf 89' lang='lat' dir='ltr'>filii</span> <span class='ocrx_word' id='word_1_107' title='bbox 855 1634 991 1696; x_wconf 83' lang='lat' dir='ltr'>familias</span> <span class='ocrx_word' id='word_1_108' title='bbox 1007 1634 1108 1696; x_wconf 93' lang='lat' dir='ltr'>libera</span> <span class='ocrx_word' id='word_1_109' title='bbox 1131 1653 1164 1696; x_wconf 90' lang='lat' dir='ltr'>se</span> <span class='ocrx_word' id='word_1_110' title='bbox 1181 1653 1252 1696; x_wconf 91' lang='lat' dir='ltr'>mu-</span> 
     </span>
     <span class='ocr_line' id='line_1_14' title="bbox 163 1719 1251 1802; baseline 0.001 -22"><span class='ocrx_word' id='word_1_111' title='bbox 163 1719 244 1782; x_wconf 81' lang='lat' dir='ltr'>*lier</span> <span class='ocrx_word' id='word_1_112' title='bbox 260 1720 478 1798; x_wconf 81' lang='lat' dir='ltr'>coniunxerit,</span> <span class='ocrx_word' id='word_1_113' title='bbox 497 1720 584 1781; x_wconf 90' lang='lat' dir='ltr'>nulla</span> <span class='ocrx_word' id='word_1_114' title='bbox 599 1719 812 1802; x_wconf 82' lang='lat' dir='ltr'>disquisitione</span> <span class='ocrx_word' id='word_1_115' title='bbox 827 1729 978 1801; x_wconf 90' lang='lat' dir='ltr'>paternae</span> <span class='ocrx_word' id='word_1_116' title='bbox 993 1720 1165 1782; x_wconf 89' lang='lat' dir='ltr'>uoluntatis</span> <span class='ocrx_word' id='word_1_117' title='bbox 1181 1721 1251 1781; x_wconf 89' lang='lat' dir='ltr'>iure</span> 
     </span>
    </p>

    <p class='ocr_par' dir='ltr' id='par_1_9' title="bbox 126 1803 1301 1973">
     <span class='ocr_line' id='line_1_15' title="bbox 126 1803 1250 1886; baseline 0.004 -24"><span class='ocrx_word' id='word_1_118' title='bbox 126 1807 143 1862; x_wconf 88' lang='lat'><strong>6</strong></span> <span class='ocrx_word' id='word_1_119' title='bbox 161 1806 327 1867; x_wconf 90' lang='lat' dir='ltr'>*sollemni</span> <span class='ocrx_word' id='word_1_120' title='bbox 343 1804 476 1867; x_wconf 89' lang='lat' dir='ltr'>decurso</span> <span class='ocrx_word' id='word_1_121' title='bbox 490 1803 637 1885; x_wconf 91' lang='lat' dir='ltr'>adquiret</span> <span class='ocrx_word' id='word_1_122' title='bbox 652 1807 808 1868; x_wconf 90' lang='lat' dir='ltr'>ancillam.</span> <span class='ocrx_word' id='word_1_123' title='bbox 841 1806 969 1868; x_wconf 79' lang='lat' dir='ltr'>liberta</span> <span class='ocrx_word' id='word_1_124' title='bbox 984 1807 1104 1867; x_wconf 85' lang='lat' dir='ltr'>sciente</span> <span class='ocrx_word' id='word_1_125' title='bbox 1119 1815 1250 1886; x_wconf 87' lang='lat' dir='ltr'>patrono</span> 
     </span>
     <span class='ocr_line' id='line_1_16' title="bbox 162 1889 1301 1973; baseline -0.002 -21"><span class='ocrx_word' id='word_1_126' title='bbox 162 1892 279 1952; x_wconf 88' lang='lat' dir='ltr'>*alieni</span> <span class='ocrx_word' id='word_1_127' title='bbox 303 1892 389 1952; x_wconf 91' lang='lat' dir='ltr'>serui</span> <span class='ocrx_word' id='word_1_128' title='bbox 405 1902 514 1953; x_wconf 89' lang='lat' dir='ltr'>secuta</span> <span class='ocrx_word' id='word_1_129' title='bbox 530 1889 771 1954; x_wconf 87' lang='lat' dir='ltr'>contubernium</span> <span class='ocrx_word' id='word_1_130' title='bbox 789 1894 857 1954; x_wconf 91' lang='lat' dir='ltr'>eius</span> <span class='ocrx_word' id='word_1_131' title='bbox 879 1893 934 1973; x_wconf 92' lang='lat' dir='ltr'>qui</span> <span class='ocrx_word' id='word_1_132' title='bbox 950 1891 1152 1954; x_wconf 89' lang='lat' dir='ltr'>denuntiauit</span> <span class='ocrx_word' id='word_1_133' title='bbox 1175 1891 1250 1954; x_wconf 86' lang='lat' dir='ltr'>effi-</span> <span class='ocrx_word' id='word_1_134' title='bbox 1270 1905 1301 1951; x_wconf 82' lang='lat' dir='ltr'>ts</span> 
     </span>
    </p>

    <p class='ocr_par' dir='ltr' id='par_1_10' title="bbox 125 1975 1251 2143">
     <span class='ocr_line' id='line_1_17' title="bbox 125 1975 1250 2060; baseline 0.004 -26"><span class='ocrx_word' id='word_1_135' title='bbox 125 1975 142 2034; x_wconf 87' lang='lat'><strong>7</strong></span> <span class='ocrx_word' id='word_1_136' title='bbox 161 1979 268 2040; x_wconf 83' lang='lat' dir='ltr'>*citur</span> <span class='ocrx_word' id='word_1_137' title='bbox 282 1977 404 2040; x_wconf 86' lang='lat' dir='ltr'>ancilla.</span> <span class='ocrx_word' id='word_1_138' title='bbox 445 1977 569 2039; x_wconf 90' lang='lat' dir='ltr'>Liberta</span> <span class='ocrx_word' id='word_1_139' title='bbox 592 1977 618 2038; x_wconf 92' lang='lat' dir='ltr'>si</span> <span class='ocrx_word' id='word_1_140' title='bbox 641 1978 805 2059; x_wconf 81' lang='lat' dir='ltr'>ignorante</span> <span class='ocrx_word' id='word_1_141' title='bbox 828 1988 960 2060; x_wconf 88' lang='lat' dir='ltr'>patrono</span> <span class='ocrx_word' id='word_1_142' title='bbox 975 1997 1069 2039; x_wconf 91' lang='lat' dir='ltr'>seruo</span> <span class='ocrx_word' id='word_1_143' title='bbox 1091 1997 1125 2040; x_wconf 90' lang='lat' dir='ltr'>se</span> <span class='ocrx_word' id='word_1_144' title='bbox 1148 1977 1250 2039; x_wconf 91' lang='lat' dir='ltr'>alieno</span> 
     </span>
     <span class='ocr_line' id='line_1_18' title="bbox 162 2063 1251 2143; baseline 0 -19"><span class='ocrx_word' id='word_1_145' title='bbox 162 2064 401 2142; x_wconf 82' lang='lat' dir='ltr'>*coniunxerit,</span> <span class='ocrx_word' id='word_1_146' title='bbox 425 2063 537 2126; x_wconf 89' lang='lat' dir='ltr'>ancilla</span> <span class='ocrx_word' id='word_1_147' title='bbox 559 2063 682 2142; x_wconf 88' lang='lat' dir='ltr'>patroni</span> <span class='ocrx_word' id='word_1_148' title='bbox 705 2063 842 2125; x_wconf 87' lang='lat' dir='ltr'>efficitur</span> <span class='ocrx_word' id='word_1_149' title='bbox 857 2084 895 2126; x_wconf 88' lang='lat' dir='ltr'>ea</span> <span class='ocrx_word' id='word_1_150' title='bbox 913 2064 1115 2143; x_wconf 88' lang='lat' dir='ltr'>condicione,</span> <span class='ocrx_word' id='word_1_151' title='bbox 1135 2083 1175 2124; x_wconf 91' lang='lat' dir='ltr'>ne</span> <span class='ocrx_word' id='word_1_152' title='bbox 1190 2064 1251 2124; x_wconf 89' lang='lat' dir='ltr'>ali-</span> 
     </span>
    </p>

    <p class='ocr_par' dir='ltr' id='par_1_11' title="bbox 123 2147 1300 2399">
     <span class='ocr_line' id='line_1_19' title="bbox 123 2147 1252 2230; baseline 0.006 -25"><span class='ocrx_word' id='word_1_153' title='bbox 123 2148 142 2205; x_wconf 88' lang='lat'><strong>8</strong></span> <span class='ocrx_word' id='word_1_154' title='bbox 161 2147 309 2228; x_wconf 80' lang='lat' dir='ltr'>*qnando</span> <span class='ocrx_word' id='word_1_155' title='bbox 324 2148 365 2210; x_wconf 90' lang='lat' dir='ltr'>ab</span> <span class='ocrx_word' id='word_1_156' title='bbox 387 2169 423 2210; x_wconf 93' lang='lat' dir='ltr'>eo</span> <span class='ocrx_word' id='word_1_157' title='bbox 439 2148 479 2210; x_wconf 89' lang='lat' dir='ltr'>ad</span> <span class='ocrx_word' id='word_1_158' title='bbox 501 2149 661 2210; x_wconf 89' lang='lat' dir='ltr'>ciuitatem</span> <span class='ocrx_word' id='word_1_159' title='bbox 676 2151 846 2212; x_wconf 84' lang='lat' dir='ltr'>Romanam</span> <span class='ocrx_word' id='word_1_160' title='bbox 869 2149 1072 2230; x_wconf 90' lang='lat' dir='ltr'>perducatur.</span> <span class='ocrx_word' id='word_1_161' title='bbox 1111 2149 1181 2211; x_wconf 85' lang='lat' dir='ltr'>Filii</span> <span class='ocrx_word' id='word_1_162' title='bbox 1204 2148 1252 2212; x_wconf 93' lang='lat' dir='ltr'>fa-</span> 
     </span>
     <span class='ocr_line' id='line_1_20' title="bbox 161 2235 1251 2316; baseline 0.003 -21"><span class='ocrx_word' id='word_1_163' title='bbox 161 2235 285 2296; x_wconf 79' lang='lat' dir='ltr'>*milias</span> <span class='ocrx_word' id='word_1_164' title='bbox 308 2253 418 2314; x_wconf 89' lang='lat' dir='ltr'>seruo,</span> <span class='ocrx_word' id='word_1_165' title='bbox 445 2253 539 2315; x_wconf 89' lang='lat' dir='ltr'>quem</span> <span class='ocrx_word' id='word_1_166' title='bbox 556 2253 596 2295; x_wconf 86' lang='lat' dir='ltr'>ex</span> <span class='ocrx_word' id='word_1_167' title='bbox 617 2239 769 2298; x_wconf 89' lang='lat' dir='ltr'>castrensi</span> <span class='ocrx_word' id='word_1_168' title='bbox 785 2235 909 2316; x_wconf 90' lang='lat' dir='ltr'>peculio</span> <span class='ocrx_word' id='word_1_169' title='bbox 925 2235 1047 2315; x_wconf 73' lang='lat' dir='ltr'>habet‚&#39;</span> <span class='ocrx_word' id='word_1_170' title='bbox 1065 2238 1091 2298; x_wconf 93' lang='lat' dir='ltr'>si</span> <span class='ocrx_word' id='word_1_171' title='bbox 1108 2255 1142 2297; x_wconf 89' lang='lat' dir='ltr'>se</span> <span class='ocrx_word' id='word_1_172' title='bbox 1158 2237 1251 2316; x_wconf 80' lang='lat' dir='ltr'>inge-</span> 
     </span>
     <span class='ocr_line' id='line_1_21' title="bbox 160 2321 1300 2399; baseline -0.002 -16"><span class='ocrx_word' id='word_1_173' title='bbox 160 2323 244 2383; x_wconf 83' lang='lat' dir='ltr'>*nua</span> <span class='ocrx_word' id='word_1_174' title='bbox 261 2323 376 2388; x_wconf 86' lang='lat' dir='ltr'>mulier</span> <span class='ocrx_word' id='word_1_175' title='bbox 390 2323 606 2399; x_wconf 79' lang='lat' dir='ltr'>coniunxerit,</span> <span class='ocrx_word' id='word_1_176' title='bbox 630 2323 700 2383; x_wconf 92' lang='lat' dir='ltr'>eius</span> <span class='ocrx_word' id='word_1_177' title='bbox 715 2321 955 2384; x_wconf 88' lang='lat' dir='ltr'>denuntiatione</span> <span class='ocrx_word' id='word_1_178' title='bbox 971 2321 1108 2385; x_wconf 89' lang='lat' dir='ltr'>efficitur</span> <span class='ocrx_word' id='word_1_179' title='bbox 1122 2323 1245 2384; x_wconf 88' lang='lat' dir='ltr'>ancilla.</span> <span class='ocrx_word' id='word_1_180' title='bbox 1269 2335 1300 2382; x_wconf 78' lang='lat' dir='ltr'>so</span> 
     </span>
    </p>

    <p class='ocr_par' dir='ltr' id='par_1_12' title="bbox 123 2405 1250 2660">
     <span class='ocr_line' id='line_1_22' title="bbox 123 2405 1250 2488; baseline 0.005 -24"><span class='ocrx_word' id='word_1_181' title='bbox 123 2407 258 2468; x_wconf 80' lang='lat' dir='ltr'>9*Filia</span> <span class='ocrx_word' id='word_1_182' title='bbox 285 2405 420 2468; x_wconf 80' lang='lat' dir='ltr'>familias</span> <span class='ocrx_word' id='word_1_183' title='bbox 442 2408 469 2468; x_wconf 96' lang='lat' dir='ltr'>si</span> <span class='ocrx_word' id='word_1_184' title='bbox 492 2407 592 2468; x_wconf 90' lang='lat' dir='ltr'>inuito</span> <span class='ocrx_word' id='word_1_185' title='bbox 608 2408 660 2468; x_wconf 89' lang='lat' dir='ltr'>uel</span> <span class='ocrx_word' id='word_1_186' title='bbox 683 2409 847 2487; x_wconf 80' lang='lat' dir='ltr'>ignorante</span> <span class='ocrx_word' id='word_1_187' title='bbox 870 2417 960 2488; x_wconf 92' lang='lat' dir='ltr'>patre</span> <span class='ocrx_word' id='word_1_188' title='bbox 976 2427 1070 2470; x_wconf 88' lang='lat' dir='ltr'>seruo</span> <span class='ocrx_word' id='word_1_189' title='bbox 1091 2409 1195 2470; x_wconf 89' lang='lat' dir='ltr'>alieno</span> <span class='ocrx_word' id='word_1_190' title='bbox 1216 2427 1250 2470; x_wconf 89' lang='lat' dir='ltr'>se</span> 
     </span>
     <span class='ocr_line' id='line_1_23' title="bbox 159 2491 1247 2574; baseline 0.001 -20"><span class='ocrx_word' id='word_1_191' title='bbox 159 2493 339 2571; x_wconf 81' lang='lat' dir='ltr'>*iunxerit‚</span> <span class='ocrx_word' id='word_1_192' title='bbox 364 2494 458 2554; x_wconf 90' lang='lat' dir='ltr'>etiam</span> <span class='ocrx_word' id='word_1_193' title='bbox 481 2503 551 2574; x_wconf 94' lang='lat' dir='ltr'>post</span> <span class='ocrx_word' id='word_1_194' title='bbox 572 2491 846 2556; x_wconf 90' lang='lat' dir='ltr'>denuntiationem</span> <span class='ocrx_word' id='word_1_195' title='bbox 868 2504 983 2557; x_wconf 86' lang='lat' dir='ltr'>statum</span> <span class='ocrx_word' id='word_1_196' title='bbox 1006 2513 1100 2556; x_wconf 92' lang='lat' dir='ltr'>suum</span> <span class='ocrx_word' id='word_1_197' title='bbox 1121 2496 1247 2572; x_wconf 90' lang='lat' dir='ltr'>retinet,</span> 
     </span>
     <span class='ocr_line' id='line_1_24' title="bbox 160 2577 1246 2660; baseline 0.001 -21"><span class='ocrx_word' id='word_1_198' title='bbox 160 2581 255 2658; x_wconf 85' lang='lat' dir='ltr'>*quia</span> <span class='ocrx_word' id='word_1_199' title='bbox 271 2577 351 2639; x_wconf 90' lang='lat' dir='ltr'>facto</span> <span class='ocrx_word' id='word_1_200' title='bbox 368 2579 502 2640; x_wconf 90' lang='lat' dir='ltr'>liliorum</span> <span class='ocrx_word' id='word_1_201' title='bbox 519 2580 609 2660; x_wconf 91' lang='lat' dir='ltr'>peior</span> <span class='ocrx_word' id='word_1_202' title='bbox 629 2579 770 2642; x_wconf 89' lang='lat' dir='ltr'>condicio</span> <span class='ocrx_word' id='word_1_203' title='bbox 784 2591 952 2660; x_wconf 90' lang='lat' dir='ltr'>parentum</span> <span class='ocrx_word' id='word_1_204' title='bbox 968 2580 1038 2642; x_wconf 90' lang='lat' dir='ltr'>fieri</span> <span class='ocrx_word' id='word_1_205' title='bbox 1053 2599 1115 2642; x_wconf 93' lang='lat' dir='ltr'>non</span> <span class='ocrx_word' id='word_1_206' title='bbox 1132 2589 1246 2660; x_wconf 88' lang='lat' dir='ltr'>potest.</span> 
     </span>
    </p>

    <p class='ocr_par' dir='ltr' id='par_1_13' title="bbox 99 2663 1298 3520">
     <span class='ocr_line' id='line_1_25' title="bbox 102 2663 1249 2746; baseline 0.005 -26"><span class='ocrx_word' id='word_1_207' title='bbox 102 2663 139 2721; x_wconf 76' lang='lat'>⁴0</span> <span class='ocrx_word' id='word_1_208' title='bbox 158 2665 258 2727; x_wconf 74' lang='lat' dir='ltr'>*lilia</span> <span class='ocrx_word' id='word_1_209' title='bbox 280 2663 414 2726; x_wconf 89' lang='lat' dir='ltr'>familias</span> <span class='ocrx_word' id='word_1_210' title='bbox 440 2665 467 2726; x_wconf 94' lang='lat' dir='ltr'>si</span> <span class='ocrx_word' id='word_1_211' title='bbox 490 2663 620 2727; x_wconf 87' lang='lat' dir='ltr'>iubente</span> <span class='ocrx_word' id='word_1_212' title='bbox 646 2674 736 2746; x_wconf 91' lang='lat' dir='ltr'>patre</span> <span class='ocrx_word' id='word_1_213' title='bbox 760 2668 861 2728; x_wconf 92' lang='lat' dir='ltr'>inuito</span> <span class='ocrx_word' id='word_1_214' title='bbox 886 2665 1013 2728; x_wconf 89' lang='lat' dir='ltr'>domino</span> <span class='ocrx_word' id='word_1_215' title='bbox 1038 2666 1125 2728; x_wconf 91' lang='lat' dir='ltr'>serui</span> <span class='ocrx_word' id='word_1_216' title='bbox 1152 2666 1249 2728; x_wconf 91' lang='lat' dir='ltr'>alieni</span> 
     </span>
     <span class='ocr_line' id='line_1_26' title="bbox 159 2749 1298 2832; baseline 0 -21"><span class='ocrx_word' id='word_1_217' title='bbox 159 2749 424 2812; x_wconf 84' lang='lat' dir='ltr'>*contubernium</span> <span class='ocrx_word' id='word_1_218' title='bbox 440 2762 548 2812; x_wconf 87' lang='lat' dir='ltr'>secuta</span> <span class='ocrx_word' id='word_1_219' title='bbox 564 2753 620 2830; x_wconf 88' lang='lat' dir='ltr'>sit,</span> <span class='ocrx_word' id='word_1_220' title='bbox 640 2752 754 2814; x_wconf 88' lang='lat' dir='ltr'>ancilla</span> <span class='ocrx_word' id='word_1_221' title='bbox 770 2752 916 2832; x_wconf 86' lang='lat' dir='ltr'>efficitur,</span> <span class='ocrx_word' id='word_1_222' title='bbox 935 2754 1010 2832; x_wconf 89' lang='lat' dir='ltr'>quia</span> <span class='ocrx_word' id='word_1_223' title='bbox 1026 2761 1174 2832; x_wconf 90' lang='lat' dir='ltr'>parentes</span> <span class='ocrx_word' id='word_1_224' title='bbox 1190 2750 1248 2814; x_wconf 91' lang='lat' dir='ltr'>de·</span> <span class='ocrx_word' id='word_1_225' title='bbox 1266 2765 1298 2811; x_wconf 73' lang='lat' dir='ltr'>aa</span> 
     </span>
     <span class='ocr_line' id='line_1_27' title="bbox 101 2835 1246 2918; baseline 0.005 -26"><span class='ocrx_word' id='word_1_226' title='bbox 101 2835 134 2892; x_wconf 88' lang='lat' dir='ltr'>ll</span> <span class='ocrx_word' id='word_1_227' title='bbox 158 2837 329 2898; x_wconf 86' lang='lat' dir='ltr'>*teriorem</span> <span class='ocrx_word' id='word_1_228' title='bbox 346 2837 480 2898; x_wconf 92' lang='lat' dir='ltr'>liliorum</span> <span class='ocrx_word' id='word_1_229' title='bbox 496 2836 710 2898; x_wconf 89' lang='lat' dir='ltr'>condicionem</span> <span class='ocrx_word' id='word_1_230' title='bbox 726 2836 829 2900; x_wconf 91' lang='lat' dir='ltr'>facere</span> <span class='ocrx_word' id='word_1_231' title='bbox 844 2847 988 2918; x_wconf 81' lang='lat' dir='ltr'>possunt.</span> <span class='ocrx_word' id='word_1_232' title='bbox 1020 2837 1148 2899; x_wconf 90' lang='lat' dir='ltr'>Liberta</span> <span class='ocrx_word' id='word_1_233' title='bbox 1162 2837 1246 2898; x_wconf 90' lang='lat' dir='ltr'>serui</span> 
     </span>
     <span class='ocr_line' id='line_1_28' title="bbox 158 2921 1247 3004; baseline -0.002 -20"><span class='ocrx_word' id='word_1_234' title='bbox 158 2923 304 3001; x_wconf 86' lang='lat' dir='ltr'>*patroni</span> <span class='ocrx_word' id='word_1_235' title='bbox 319 2921 564 2985; x_wconf 90' lang='lat' dir='ltr'>contubernium</span> <span class='ocrx_word' id='word_1_236' title='bbox 580 2933 688 2985; x_wconf 89' lang='lat' dir='ltr'>secuta</span> <span class='ocrx_word' id='word_1_237' title='bbox 710 2924 803 2984; x_wconf 89' lang='lat' dir='ltr'>etiam</span> <span class='ocrx_word' id='word_1_238' title='bbox 827 2935 897 3004; x_wconf 90' lang='lat' dir='ltr'>post</span> <span class='ocrx_word' id='word_1_239' title='bbox 919 2923 1192 2986; x_wconf 89' lang='lat' dir='ltr'>denuntiationem</span> <span class='ocrx_word' id='word_1_240' title='bbox 1214 2923 1247 2982; x_wconf 94' lang='lat' dir='ltr'>in</span> 
     </span>
     <span class='ocr_line' id='line_1_29' title="bbox 158 3007 1248 3090; baseline 0.002 -22"><span class='ocrx_word' id='word_1_241' title='bbox 158 3010 215 3068; x_wconf 85' lang='lat' dir='ltr'>*ec</span> <span class='ocrx_word' id='word_1_242' title='bbox 231 3017 315 3070; x_wconf 85' lang='lat' dir='ltr'>statu</span> <span class='ocrx_word' id='word_1_243' title='bbox 330 3007 488 3087; x_wconf 89' lang='lat' dir='ltr'>manebit,</span> <span class='ocrx_word' id='word_1_244' title='bbox 507 3009 581 3090; x_wconf 92' lang='lat' dir='ltr'>quia</span> <span class='ocrx_word' id='word_1_245' title='bbox 598 3007 724 3070; x_wconf 91' lang='lat' dir='ltr'>domum</span> <span class='ocrx_word' id='word_1_246' title='bbox 740 3010 864 3089; x_wconf 88' lang='lat' dir='ltr'>patroni</span> <span class='ocrx_word' id='word_1_247' title='bbox 879 3009 1010 3072; x_wconf 90' lang='lat' dir='ltr'>uidetur</span> <span class='ocrx_word' id='word_1_248' title='bbox 1024 3008 1174 3070; x_wconf 87' lang='lat' dir='ltr'>deserere</span> <span class='ocrx_word' id='word_1_249' title='bbox 1189 3027 1248 3070; x_wconf 87' lang='lat' dir='ltr'>no-</span> 
     </span>
     <span class='ocr_line' id='line_1_30' title="bbox 101 3093 1246 3176; baseline 0.005 -26"><span class='ocrx_word' id='word_1_250' title='bbox 101 3093 139 3150; x_wconf 72' lang='lat' dir='ltr'>la</span> <span class='ocrx_word' id='word_1_251' title='bbox 158 3094 287 3155; x_wconf 79' lang='lat' dir='ltr'>*luisse</span> <span class='ocrx_word' id='word_1_252' title='bbox 327 3095 442 3156; x_wconf 90' lang='lat' dir='ltr'>Errore</span> <span class='ocrx_word' id='word_1_253' title='bbox 471 3113 608 3175; x_wconf 89' lang='lat' dir='ltr'>quaese</span> <span class='ocrx_word' id='word_1_254' title='bbox 630 3096 756 3174; x_wconf 87' lang='lat' dir='ltr'>putauit</span> <span class='ocrx_word' id='word_1_255' title='bbox 777 3095 921 3156; x_wconf 91' lang='lat' dir='ltr'>ancillam</span> <span class='ocrx_word' id='word_1_256' title='bbox 943 3104 1039 3176; x_wconf 88' lang='lat' dir='ltr'>atque</span> <span class='ocrx_word' id='word_1_257' title='bbox 1055 3094 1128 3156; x_wconf 90' lang='lat' dir='ltr'>ideo</span> <span class='ocrx_word' id='word_1_258' title='bbox 1150 3095 1246 3156; x_wconf 88' lang='lat' dir='ltr'>alieni</span> 
     </span>
     <span class='ocr_line' id='line_1_31' title="bbox 157 3179 1296 3261; baseline -0.003 -21"><span class='ocrx_word' id='word_1_259' title='bbox 157 3180 264 3242; x_wconf 81' lang='lat' dir='ltr'>*serui</span> <span class='ocrx_word' id='word_1_260' title='bbox 288 3179 533 3242; x_wconf 84' lang='lat' dir='ltr'>contubernium</span> <span class='ocrx_word' id='word_1_261' title='bbox 555 3189 662 3241; x_wconf 82' lang='lat' dir='ltr'>secuta</span> <span class='ocrx_word' id='word_1_262' title='bbox 681 3189 746 3258; x_wconf 87' lang='lat' dir='ltr'>est,</span> <span class='ocrx_word' id='word_1_263' title='bbox 773 3182 802 3242; x_wconf 81' lang='lat' dir='ltr'>ri</span> <span class='ocrx_word' id='word_1_264' title='bbox 816 3191 925 3261; x_wconf 87' lang='lat' dir='ltr'>postea</span> <span class='ocrx_word' id='word_1_265' title='bbox 939 3179 1072 3243; x_wconf 87' lang='lat' dir='ltr'>liberam</span> <span class='ocrx_word' id='word_1_266' title='bbox 1093 3199 1127 3242; x_wconf 87' lang='lat' dir='ltr'>se</span> <span class='ocrx_word' id='word_1_267' title='bbox 1142 3182 1247 3243; x_wconf 92' lang='lat' dir='ltr'>sciens</span> <span class='ocrx_word' id='word_1_268' title='bbox 1265 3191 1296 3238; x_wconf 81' lang='lat' dir='ltr'>to</span> 
     </span>
     <span class='ocr_line' id='line_1_32' title="bbox 100 3264 1246 3346; baseline 0.005 -24"><span class='ocrx_word' id='word_1_269' title='bbox 100 3264 137 3324; x_wconf 75' lang='lat'>⁴3</span> <span class='ocrx_word' id='word_1_270' title='bbox 157 3265 212 3328; x_wconf 83' lang='lat' dir='ltr'>*in</span> <span class='ocrx_word' id='word_1_271' title='bbox 234 3265 443 3328; x_wconf 88' lang='lat' dir='ltr'>contubernio</span> <span class='ocrx_word' id='word_1_272' title='bbox 464 3265 575 3328; x_wconf 88' lang='lat' dir='ltr'>eodem</span> <span class='ocrx_word' id='word_1_273' title='bbox 603 3267 878 3346; x_wconf 89' lang='lat' dir='ltr'>perseuerauerit,</span> <span class='ocrx_word' id='word_1_274' title='bbox 897 3266 1033 3329; x_wconf 89' lang='lat' dir='ltr'>efficitur</span> <span class='ocrx_word' id='word_1_275' title='bbox 1048 3267 1172 3328; x_wconf 91' lang='lat' dir='ltr'>ancilla.</span> <span class='ocrx_word' id='word_1_276' title='bbox 1212 3267 1246 3328; x_wconf 90' lang='lat' dir='ltr'>Si</span> 
     </span>
     <span class='ocr_line' id='line_1_33' title="bbox 157 3349 1248 3432; baseline 0 -19"><span class='ocrx_word' id='word_1_277' title='bbox 157 3353 308 3431; x_wconf 85' lang='lat' dir='ltr'>*patrona</span> <span class='ocrx_word' id='word_1_278' title='bbox 330 3371 422 3414; x_wconf 91' lang='lat' dir='ltr'>seruo</span> <span class='ocrx_word' id='word_1_279' title='bbox 449 3349 555 3414; x_wconf 89' lang='lat' dir='ltr'>liberti</span> <span class='ocrx_word' id='word_1_280' title='bbox 578 3352 627 3414; x_wconf 90' lang='lat' dir='ltr'>sui</span> <span class='ocrx_word' id='word_1_281' title='bbox 656 3371 690 3414; x_wconf 90' lang='lat' dir='ltr'>se</span> <span class='ocrx_word' id='word_1_282' title='bbox 712 3353 927 3432; x_wconf 85' lang='lat' dir='ltr'>coniunxerit,</span> <span class='ocrx_word' id='word_1_283' title='bbox 961 3355 1055 3415; x_wconf 91' lang='lat' dir='ltr'>etiam</span> <span class='ocrx_word' id='word_1_284' title='bbox 1077 3351 1248 3414; x_wconf 89' lang='lat' dir='ltr'>denuntia-</span> 
     </span>
     <span class='ocr_line' id='line_1_34' title="bbox 99 3437 1243 3520; baseline 0.005 -26"><span class='ocrx_word' id='word_1_285' title='bbox 99 3437 136 3494; x_wconf 82' lang='lat' dir='ltr'>ll</span> <span class='ocrx_word' id='word_1_286' title='bbox 156 3439 263 3500; x_wconf 82' lang='lat' dir='ltr'>*tione</span> <span class='ocrx_word' id='word_1_287' title='bbox 279 3447 466 3500; x_wconf 87' lang='lat' dir='ltr'>conuentam</span> <span class='ocrx_word' id='word_1_288' title='bbox 481 3437 627 3501; x_wconf 92' lang='lat' dir='ltr'>ancillam</span> <span class='ocrx_word' id='word_1_289' title='bbox 642 3437 711 3500; x_wconf 87' lang='lat' dir='ltr'>fieri</span> <span class='ocrx_word' id='word_1_290' title='bbox 727 3457 789 3499; x_wconf 87' lang='lat' dir='ltr'>non</span> <span class='ocrx_word' id='word_1_291' title='bbox 806 3439 935 3519; x_wconf 88' lang='lat' dir='ltr'>placuit.</span> <span class='ocrx_word' id='word_1_292' title='bbox 967 3437 1079 3502; x_wconf 88' lang='lat' dir='ltr'>llulier</span> <span class='ocrx_word' id='word_1_293' title='bbox 1094 3440 1243 3520; x_wconf 77' lang='lat' dir='ltr'>ingenua,</span> 
     </span>
    </p>
   </div>
   <div class='ocr_carea' id='block_1_5' title="bbox 169 3625 1237 3642">
    <p class='ocr_par' dir='ltr' id='par_1_14' title="bbox 169 3625 1237 3642">
     <span class='ocr_line' id='line_1_35' title="bbox 169 3625 1237 3642; baseline 0.003 -5"><span class='ocrx_word' id='word_1_294' title='bbox 169 3625 543 3639; x_wconf 55' lang='grc' dir='ltr'>ὐνννυνιῑυυνωκνννακηιυυνψυ</span> <span class='ocrx_word' id='word_1_295' title='bbox 550 3627 587 3638; x_wconf 64' lang='grc' dir='ltr'>[νυ</span> <span class='ocrx_word' id='word_1_296' title='bbox 594 3627 605 3638; x_wconf 60' lang='grc' dir='ltr'>,ι</span> <span class='ocrx_word' id='word_1_297' title='bbox 615 3627 620 3636; x_wconf 76' lang='grc' dir='ltr'><em>ι</em></span> <span class='ocrx_word' id='word_1_298' title='bbox 631 3627 667 3639; x_wconf 57' lang='grc' dir='ltr'>ΛΜ</span> <span class='ocrx_word' id='word_1_299' title='bbox 678 3626 1237 3642; x_wconf 61' lang='lat' dir='ltr'>muwvwvwmmvvvvvwvwwwwvwvsxw</span> 
     </span>
    </p>
   </div>
   <div class='ocr_carea' id='block_1_6' title="bbox 157 3711 1242 3838">
    <p class='ocr_par' dir='ltr' id='par_1_15' title="bbox 157 3711 1242 3838">
     <span class='ocr_line' id='line_1_36' title="bbox 157 3711 1242 3829; baseline 0.004 -71"><span class='ocrx_word' id='word_1_300' title='bbox 157 3783 187 3829; x_wconf 56' lang='grc' dir='ltr'><strong><em>Μ</em></strong></span> <span class='ocrx_word' id='word_1_301' title='bbox 219 3713 271 3828; x_wconf 55' lang='lat'><strong>⁴2⁶⁰,</strong></span> <span class='ocrx_word' id='word_1_302' title='bbox 287 3714 346 3760; x_wconf 68' lang='lat'>2:</span> <span class='ocrx_word' id='word_1_303' title='bbox 361 3712 420 3775; x_wconf 69' lang='lat' dir='ltr'>Dic.</span> <span class='ocrx_word' id='word_1_304' title='bbox 435 3713 478 3771; x_wconf 76' lang='lat' dir='ltr'>st,</span> <span class='ocrx_word' id='word_1_305' title='bbox 493 3713 547 3770; x_wconf 67' lang='lat' dir='ltr'>m</span> <span class='ocrx_word' id='word_1_306' title='bbox 573 3711 584 3774; x_wconf 80' lang='lat' dir='ltr'>ll</span> <span class='ocrx_word' id='word_1_307' title='bbox 613 3715 663 3761; x_wconf 68' lang='lat' dir='ltr'>ill</span> <span class='ocrx_word' id='word_1_308' title='bbox 676 3725 710 3762; x_wconf 75' lang='lat' dir='ltr'>ee</span> <span class='ocrx_word' id='word_1_309' title='bbox 726 3713 986 3764; x_wconf 78' lang='lat' dir='ltr'>Vesontioorertltut&#39;t</span> <span class='ocrx_word' id='word_1_310' title='bbox 1001 3712 1121 3764; x_wconf 58' lang='lat' dir='ltr'>cuades</span> <span class='ocrx_word' id='word_1_311' title='bbox 1135 3714 1242 3764; x_wconf 68' lang='lat' dir='ltr'>Olim.</span> 
     </span>
     <span class='ocr_line' id='line_1_37' title="bbox 195 3815 201 3838; baseline 0 0"><span class='ocrx_word' id='word_1_312' title='bbox 195 3815 201 3838; x_wconf 77' lang='lat'><em>‚</em></span> 
     </span>
    </p>
   </div>
   <div class='ocr_carea' id='block_1_7' title="bbox 157 3913 1240 3930">
    <p class='ocr_par' dir='ltr' id='par_1_16' title="bbox 157 3913 1240 3930">
     <span class='ocr_line' id='line_1_38' title="bbox 157 3913 1240 3930; baseline 0.004 -4"><span class='ocrx_word' id='word_1_313' title='bbox 157 3913 307 3927; x_wconf 63' lang='grc' dir='ltr'>ΧΛΛΛυυννυ.</span> <span class='ocrx_word' id='word_1_314' title='bbox 316 3919 325 3927; x_wconf 61' lang='grc' dir='ltr'><em>υ</em></span> <span class='ocrx_word' id='word_1_315' title='bbox 333 3915 439 3928; x_wconf 54' lang='lat' dir='ltr'>Additum]</span> <span class='ocrx_word' id='word_1_316' title='bbox 445 3917 487 3928; x_wconf 52' lang='lat' dir='ltr'>uum</span> <span class='ocrx_word' id='word_1_317' title='bbox 493 3917 503 3928; x_wconf 56' lang='lat' dir='ltr'>»s</span> <span class='ocrx_word' id='word_1_318' title='bbox 510 3915 599 3927; x_wconf 42' lang='lat' dir='ltr'>»lasanum</span> <span class='ocrx_word' id='word_1_319' title='bbox 605 3915 753 3930; x_wconf 52' lang='lat' dir='ltr'>ammes-tvvm</span> <span class='ocrx_word' id='word_1_320' title='bbox 759 3917 1240 3930; x_wconf 53' lang='lat' dir='ltr'>mmmmmvxsx&#39;xmvvvvvvvvavxluvmtvw</span> 
     </span>
    </p>
   </div>
   <div class='ocr_carea' id='block_1_8' title="bbox 156 4035 1244 4237">
    <p class='ocr_par' dir='ltr' id='par_1_17' title="bbox 156 4035 1244 4237">
     <span class='ocr_line' id='line_1_39' title="bbox 229 4035 1243 4100; baseline 0.005 -16"><span class='ocrx_word' id='word_1_321' title='bbox 229 4038 244 4084; x_wconf 72' lang='lat' dir='ltr'>t</span> <span class='ocrx_word' id='word_1_322' title='bbox 263 4037 286 4086; x_wconf 89' lang='lat' dir='ltr'>si</span> <span class='ocrx_word' id='word_1_323' title='bbox 298 4051 314 4083; x_wconf 65' lang='lat' dir='ltr'>a</span> <span class='ocrx_word' id='word_1_324' title='bbox 328 4039 417 4086; x_wconf 89' lang='lat' dir='ltr'>tamen</span> <span class='ocrx_word' id='word_1_325' title='bbox 434 4035 571 4088; x_wconf 77' lang='lat' dir='ltr'>cuieer&#39;es:</span> <span class='ocrx_word' id='word_1_326' title='bbox 588 4039 725 4098; x_wconf 76' lang='lat' dir='ltr'>perierant</span> <span class='ocrx_word' id='word_1_327' title='bbox 734 4037 790 4100; x_wconf 80' lang='lat' dir='ltr'>sere</span> <span class='ocrx_word' id='word_1_328' title='bbox 802 4035 853 4087; x_wconf 89' lang='lat' dir='ltr'>suh</span> <span class='ocrx_word' id='word_1_329' title='bbox 867 4037 948 4088; x_wconf 86' lang='lat' dir='ltr'>tutela</span> <span class='ocrx_word' id='word_1_330' title='bbox 961 4039 995 4087; x_wconf 84' lang='lat' dir='ltr'>sit</span> <span class='ocrx_word' id='word_1_331' title='bbox 1013 4039 1061 4096; x_wconf 80' lang='lat' dir='ltr'>(sie</span> <span class='ocrx_word' id='word_1_332' title='bbox 1074 4039 1183 4100; x_wconf 78' lang='lat' dir='ltr'>Puella)</span> <span class='ocrx_word' id='word_1_333' title='bbox 1201 4041 1243 4090; x_wconf 79' lang='lat' dir='ltr'>uel</span> 
     </span>
     <span class='ocr_line' id='line_1_40' title="bbox 156 4103 1244 4170; baseline 0.004 -16"><span class='ocrx_word' id='word_1_334' title='bbox 156 4107 276 4154; x_wconf 86' lang='lat' dir='ltr'>tutorem</span> <span class='ocrx_word' id='word_1_335' title='bbox 290 4103 387 4154; x_wconf 86' lang='lat' dir='ltr'>hebeat</span> <span class='ocrx_word' id='word_1_336' title='bbox 409 4105 420 4168; x_wconf 80' lang='grc' dir='ltr'>ΙΙ</span> <span class='ocrx_word' id='word_1_337' title='bbox 446 4108 476 4153; x_wconf 73' lang='grc'>43</span> <span class='ocrx_word' id='word_1_338' title='bbox 495 4103 685 4168; x_wconf 84' lang='lat' dir='ltr'>disquisitione</span> <span class='ocrx_word' id='word_1_339' title='bbox 698 4105 824 4166; x_wconf 73' lang='lat' dir='ltr'>Huschke,</span> <span class='ocrx_word' id='word_1_340' title='bbox 845 4107 967 4157; x_wconf 85' lang='lat' dir='ltr'>diselone</span> <span class='ocrx_word' id='word_1_341' title='bbox 984 4107 1082 4157; x_wconf 80' lang='lat' dir='ltr'>Veroot.</span> <span class='ocrx_word' id='word_1_342' title='bbox 1109 4107 1120 4170; x_wconf 78' lang='lat' dir='ltr'>ll</span> <span class='ocrx_word' id='word_1_343' title='bbox 1145 4110 1174 4156; x_wconf 83' lang='lat' dir='ltr'>tl</span> <span class='ocrx_word' id='word_1_344' title='bbox 1194 4108 1244 4158; x_wconf 85' lang='lat' dir='ltr'>ad-</span> 
     </span>
     <span class='ocr_line' id='line_1_41' title="bbox 157 4172 1022 4237; baseline 0.005 -14"><span class='ocrx_word' id='word_1_345' title='bbox 157 4173 257 4237; x_wconf 87' lang='lat' dir='ltr'>quiret]</span> <span class='ocrx_word' id='word_1_346' title='bbox 272 4173 344 4224; x_wconf 88' lang='lat' dir='ltr'>lilius</span> <span class='ocrx_word' id='word_1_347' title='bbox 357 4172 418 4237; x_wconf 83' lang='lat' dir='ltr'>adq.</span> <span class='ocrx_word' id='word_1_348' title='bbox 434 4187 484 4223; x_wconf 81' lang='lat' dir='ltr'>rer.</span> <span class='ocrx_word' id='word_1_349' title='bbox 517 4173 528 4236; x_wconf 79' lang='lat' dir='ltr'>ll</span> <span class='ocrx_word' id='word_1_350' title='bbox 558 4177 590 4221; x_wconf 76' lang='lat'>3⁰</span> <span class='ocrx_word' id='word_1_351' title='bbox 609 4175 630 4223; x_wconf 88' lang='lat' dir='ltr'>si</span> <span class='ocrx_word' id='word_1_352' title='bbox 645 4173 840 4236; x_wconf 77' lang='lat' dir='ltr'>ltitterrlturi&#39;us,</span> <span class='ocrx_word' id='word_1_353' title='bbox 854 4188 903 4225; x_wconf 86' lang='lat' dir='ltr'>om.</span> <span class='ocrx_word' id='word_1_354' title='bbox 924 4176 1022 4227; x_wconf 80' lang='lat' dir='ltr'>Veroot.</span> 
     </span>
    </p>
   </div>
   <div class='ocr_carea' id='block_1_9' title="bbox 0 0 1518 4830">
    <p class='ocr_par' dir='ltr' id='par_1_18' title="bbox 0 0 1518 4830">
     <span class='ocr_line' id='line_1_42' title="bbox 0 0 1518 4830; baseline 0 3"><span class='ocrx_word' id='word_1_355' title='bbox 0 0 1518 4830; x_wconf 95' lang='lat' dir='ltr'> </span> 
     </span>
    </p>
   </div>
  </div>
 </body>
</html>
