3066 4826
273 271 438 331 cauimus
664 279 751 316 ...·.
778 269 835 332 -38
880 302 966 316 ...-

273 459 396 538 integro
412 467 560 520 manente
576 457 659 520 fetus
674 457 716 520 ad
726 456 996 520 usufructuarium
1012 459 1186 538 pertinent,
1201 459 1289 520 saluo
1306 477 1356 534 eo,

214 543 249 604 27
272 553 309 606 ut
331 543 490 624 quidquid
511 545 598 624 gregi
615 543 804 623 deperierit,
832 563 872 606 ex
888 543 1006 606 fetibus
1029 544 1208 624 impleatur.
1255 543 1358 604 Areae

213 630 253 691 22
273 629 440 692 usufructu
456 630 555 711 legato
571 629 715 692 aedificia
730 631 763 690 in
780 648 816 691 oa
831 631 980 692 constitui
994 649 1057 691 uon
1072 638 1215 708 possunt.
1240 628 1359 690 Acces-

272 715 318 777 sio
334 713 375 776 ab
395 717 553 778 alluuione
576 715 617 778 ad
632 714 840 778 fructuarium
855 715 1006 795 fundum,
1033 717 1107 796 quia
1124 714 1245 778 fructus
1266 714 1358 777 fundi

272 819 334 862 non
350 810 409 880 est,
427 821 491 863 nou
513 803 664 882 pertinet:
692 802 871 864 uenationis
886 821 963 864 uero
979 812 1011 863 et
1034 803 1160 881 aucupii
1177 800 1300 863 reditus
1316 799 1358 862 ad
1378 814 1392 860 5

212 887 252 946 23
273 885 481 950 fructuarium
496 889 669 966 pertinent.
710 888 826 949 Seruos
842 906 947 968 neque
962 897 1113 968 torquere
1127 905 1232 966 neque
1247 887 1359 967 flagel-

273 973 311 1035 lis
326 971 459 1034 caedere
475 992 579 1054 neque
595 974 628 1034 in
645 993 718 1036 eum
732 992 840 1035 casum
853 972 933 1035 facto
948 993 1003 1035 suo
1018 972 1195 1052 perducere
1207 971 1358 1035 usufruc-

213 1059 394 1122 attuarios
416 1069 536 1139 potest,
567 1078 629 1139 quo
651 1058 825 1121 deteriores
845 1060 932 1121 fiant.
978 1061 1094 1121 Fructu
1115 1061 1217 1140 legato
1232 1060 1260 1120 si
1279 1078 1359 1120 usus

271 1164 335 1210 uon
356 1144 571 1223 adscribatur,
595 1147 695 1224 magis
709 1145 828 1225 placuit
843 1143 1075 1207 usumfructum
1096 1144 1202 1207 uideri
1217 1145 1359 1225 adscrip-

212 1229 252 1288 25
271 1239 349 1292 tum.
375 1229 498 1294 fructus
514 1233 598 1292 enim
613 1233 682 1292 siue
698 1250 759 1292 usu
775 1247 846 1292 esse
861 1250 926 1292 non
941 1241 1083 1311 possunt.
1110 1232 1143 1293 Si
1159 1233 1250 1292 alteri
1266 1249 1353 1308 usus,
1378 1241 1407 1288 to

271 1316 363 1378 alteri
386 1315 507 1379 fructus
522 1318 643 1397 legatus
659 1319 717 1394 sit,
742 1316 934 1380 fructuarius
950 1319 983 1377 in
998 1336 1060 1379 usu
1076 1318 1251 1394 concurrit,
1271 1316 1358 1396 quod

212 1403 252 1461 26
272 1403 305 1463 in
332 1401 437 1465 fructu
459 1405 608 1465 usuarius
636 1402 741 1464 facere
762 1421 824 1464 non
854 1412 967 1482 potest.
1015 1403 1212 1464 Coniunctim
1233 1402 1358 1464 duobus

271 1486 472 1551 ususfructus
500 1508 540 1552 no
562 1508 638 1550 unco
666 1491 788 1568 legatus
816 1489 915 1550 altero
942 1497 1064 1550 mortuo
1090 1487 1131 1550 ad
1159 1483 1295 1550 alterum
1324 1490 1357 1550 in

212 1571 253 1633 27
271 1573 409 1636 solidum
424 1575 610 1655 pertinebit.
656 1574 827 1637 Vsufructu
842 1575 943 1654 legato
963 1574 1003 1635 de
1019 1574 1111 1636 modo
1125 1572 1238 1636 utendi
1254 1576 1357 1635 cautio

271 1678 288 1720 a
304 1658 475 1723 fructuario
487 1663 565 1722 solet
578 1662 746 1741 interponi,
766 1670 798 1722 et
812 1660 883 1722 idco
895 1659 1028 1741 perinde
1040 1663 1146 1724 omnia
1161 1679 1196 1721 se
1209 1679 1353 1738 usurum,
1379 1673 1406 1718 ta

150 1821 153 1826 Ι
272 1746 349 1807 acsi
370 1747 506 1826 optimus
528 1757 620 1828 pater
641 1746 775 1808 familias
794 1755 956 1824 uteretur,
983 1745 1224 1808 fideiussoribus
1246 1745 1357 1806 oblatis

198 1827 254 1889 27Ιι
272 1850 386 1893 cauere
402 1833 542 1912 cogitur„
580 1829 736 1894 *Arbores
757 1833 791 1894 ui
807 1834 1021 1912 tempestatis,
1041 1851 1105 1893 non
1121 1833 1212 1912 culpa
1235 1831 1359 1894 fructu-

197 1909 253 1975 ill'
270 1916 348 1980 *arii
364 1937 493 1981 euersas
509 1918 549 1981 ab
565 1939 601 1980 eo
617 1918 767 1981 substitui
783 1937 846 1978 non
861 1919 975 1998 placet.
1022 1917 1185 1998 Quidquid
1207 1920 1242 1978 in
1258 1917 1357 1980 fundo

270 2001 431 2066 *nascitur
450 2005 503 2066 uel
518 2004 676 2085 quidquid
692 2003 765 2066 inde
780 2005 974 2085 percipitur,
1000 2004 1041 2066 ad
1057 2003 1266 2066 fructuarium
1282 2024 1358 2084 per·
1503 2075 1504 2082 ἵ

270 2088 384 2150 *tinetz
414 2091 583 2170 pensiones
606 2109 731 2171 quoque
754 2093 816 2152 iam
838 2100 930 2152 antea
952 2091 1122 2152 locatorum
1137 2108 1302 2170 agrorum,
1330 2092 1357 2150 si
1376 2101 1406 2147 ao
1503 2083 1504 2140 l

271 2174 377 2254 *ipsae
393 2194 521 2256 quoque
536 2177 717 2257 specialiter
735 2177 980 2254 comprehensae
996 2179 1068 2238 siut.
1117 2175 1174 2238 sed
1190 2175 1230 2238 ad
1247 2195 1357 2238 exem-

271 2259 377 2340 *plum
399 2262 609 2341 uenditicniS,
636 2263 698 2324 nisi
720 2262 840 2325 fuerint
860 2262 1039 2340 specialiter
1061 2271 1226 2342 exceptae,
1252 2271 1358 2342 potest

199 2345 255 2405 27θ
273 2345 545 2410 *usufructuarius
568 2347 790 2410 conductorem
813 2349 981 2429 repellere.
1029 2348 1144 2410 Caesae
1167 2347 1357 2410 harundinis

272 2430 342 2493 *uel
356 2433 418 2512 pali
441 2434 677 2512 compendium,
703 2435 785 2495 siin
809 2453 845 2495 eo
868 2453 993 2514 quoque
1017 2433 1106 2494 fundi
1130 2434 1264 2514 uectigal
1287 2453 1356 2496 esse

214 2517 253 2576 28
272 2516 471 2597 *consueuit,
497 2520 538 2582 ad
554 2519 763 2582 fructuarium
785 2520 955 2599 pertinet*
998 2519 1202 2582 Vsusfructus
1221 2520 1357 2581 amissus
1376 2532 1405 2578 25

271 2603 312 2664 ad
333 2605 558 2684 proprietatem
578 2607 724 2668 recurrit.
769 2607 924 2667 amittitur
944 2616 1048 2667 autem
1071 2607 1215 2686 quinque
1235 2605 1354 2666 modis:

272 2691 385 2770 capitis
400 2691 585 2770 minutione,
605 2693 649 2754 rei
665 2693 907 2772 permutatione,
927 2711 990 2752 non
1005 2691 1134 2769 utendo,
1152 2694 1186 2752 in
1204 2693 1273 2754 iure
1289 2710 1358 2752 ces-

214 2775 253 2835 29
272 2775 370 2854 sione,
390 2776 521 2838 dominii
538 2779 782 2858 comparatione.
823 2778 940 2857 Capitis
954 2779 1128 2839 minutione
1145 2779 1311 2855 amittitur,
1331 2779 1357 2838 si

273 2863 306 2922 in
329 2863 464 2925 insulam
486 2862 678 2926 fructuarius
700 2862 901 2943 deportetur,
927 2863 980 2924 uel
1003 2865 1030 2924 si
1053 2883 1094 2925 ex
1123 2881 1217 2926 causa
1240 2862 1358 2924 metalli
1503 2915 1504 2946 3

272 2965 385 3011 seruus
396 2968 516 3029 poenae
528 2948 693 3028 efficiatur,
712 2950 783 3010 etsi
798 2957 966 3010 statumen
981 2949 1182 3029 adrogatione
1194 2949 1246 3010 uel
1258 2949 1358 3029 adop·
1376 2959 1404 3005 tt
1503 2953 1504 2960 ’

213 3033 252 3091 30
272 3034 357 3095 tione
373 3037 554 3097 mutauerit.
600 3037 667 3097 Non
689 3034 807 3097 utendo
828 3035 984 3096 amittitur
998 3035 1215 3107 ususfructus,
1241 3037 1268 3096 si
1284 3055 1359 3115 pos-

272 3121 411 3182 sessione
427 3119 518 3183 iundi
533 3121 662 3183 biennio
679 3121 871 3182 fructuarius
886 3139 949 3181 non
965 3130 1081 3196 utatur,
1101 3121 1153 3182 uel
1169 3121 1216 3181 rei
1231 3120 1358 3182 mobilis

213 3204 248 3263 3i
271 3223 365 3266 auno.
405 3207 461 3268 Rei
484 3209 658 3268 mutatione
680 3207 836 3268 amittitur
849 3206 1066 3283 ususfructuS,
1085 3209 1112 3268 si
1128 3205 1239 3268 domus
1256 3208 1358 3287 legata

273 3290 421 3353 incendio
443 3292 684 3374 conflagrauerit
705 3301 759 3353 aut
774 3293 867 3354 ruina
882 3293 1026 3371 perierit,
1050 3293 1123 3354 licet
1138 3301 1244 3372 postea
1262 3295 1358 3354 resti-

213 3375 254 3436 32
273 3385 391 3439 tuatur.
431 3378 466 3438 ln
481 3378 549 3440 iure
572 3381 714 3440 cessione
729 3379 885 3439 amittitur
899 3378 1117 3458 ususfructus,
1135 3379 1283 3457 quotiens
1300 3377 1357 3440 do·
1375 3388 1404 3433 as
1503 3429 1504 3478 ,

273 3547 325 3560 'V'N
617 3541 1356 3564 mmwnmnmwntxmaexnfmnfxntvstxnnnflmſsmmnMmtvxf'

343 3635 368 3693 o,
381 3635 510 3682 art-aro
523 3653 554 3676 ε
569 3634 627 3700 nra.
644 3637 668 3694 r,
685 3638 709 3696 i,
725 3637 755 3684 ss

275 3767 286 3781 ι
290 3766 921 3782 mmmmm
925 3769 1113 3782 tvvvmmmtvmn
1119 3767 1354 3783 MAMvavvvvv

342 3871 473 3935 slagatae
485 3873 582 3922 codices
610 3871 622 3932 ΙΙ
652 3871 795 3923 liundum
806 3874 857 3923 dcl.
887 3871 899 3934 l
929 3873 1073 3936 bestnon]
1089 3874 1162 3924 estL
1190 3873 1200 3936 ΙΙ
1232 3877 1359 3925 lausus·

272 3937 377 3993 fructus
390 3939 425 3990 do
438 3941 497 4004 lego
510 3941 613 4002 legatus
625 3940 722 3991 Aradts
744 3941 785 4004 (cs.
805 3943 859 3992 Vct.
876 3940 929 4002 st),
950 3939 1152 3992 usumfructum
1166 3942 1201 3992 do
1215 3942 1274 4006 lego
1286 3943 1358 4006 lega·

272 4011 331 4058 tum
344 4010 442 4059 codices
479 4009 490 4070 ΙΙ
529 4013 559 4058 ts
580 4012 665 4058 etom.
683 4011 712 4060 M
739 4010 750 4073 11
779 4009 902 4072 usurum]
918 4009 1054 4060 facturum
1069 4011 1190 4062 Guiocius
1219 4012 1230 4074 n
1262 4015 1293 4060 ⁴7
1313 4025 1358 4062 cc·

273 4079 345 4142 gitur
358 4079 429 4136 dett,
448 4080 559 4141 cogetur
571 4078 619 4127 ML
