3066 4826
540 395 626 407 —
671 362 731 424 113
775 397 861 408 --
1030 361 1104 413 Paul.
1121 363 1153 424 v,
1169 357 1265 415 444·

156 553 252 632 rium,
272 550 357 632 quod
368 553 462 632 uulgo
475 553 631 614 canticum
643 550 768 630 dicitur,
787 553 820 612 in
832 551 963 614 alterius
979 549 1141 614 infamiam
1153 571 1243 614 com-

155 640 295 718 positum
318 647 348 700 et
367 638 495 718 publice
517 647 675 700 cantatum
689 647 753 699 tarn
769 637 802 698 in
819 656 872 698 eos
893 637 949 717 qui
969 637 1029 700 hoc
1043 641 1243 702 cantauerint

157 743 255 805 quarn
270 726 304 785 in
321 725 444 804 eosqui
460 720 703 804 composuerint,
723 732 812 784 extra
827 721 970 785 ordinem
985 723 1186 786 uindicatur:
1206 745 1242 786 eo

157 812 281 889 acrius,
307 811 335 871 si
357 829 511 891 personae
533 808 669 890 dignitas
690 808 731 870 ab
753 810 812 872 hac
827 809 943 871 iniuria
965 807 1165 872 defendenda
1187 811 1239 873 sit.

101 895 138 957 47
155 897 192 958 ln
209 916 263 958 eos
282 905 444 974 auctores,
467 896 523 976 qui
538 894 671 958 famosos
686 894 809 956 libellos
824 896 857 956 in
874 895 1095 956 contumeliam
1110 896 1241 959 alterius
1261 907 1276 952 o

156 983 395 1063 proposuerint,
421 991 511 1044 extra
532 981 676 1043 ordinem
697 977 856 1061 usquead
879 981 1104 1060 relegationem
1119 981 1241 1045 insulae

101 1071 137 1128 48
156 1069 351 1130 uindicatur.
406 1068 589 1130 Gonnicium
617 1067 714 1129 iudici
741 1066 781 1128 ab
807 1065 1055 1148 appellatoribus
1081 1066 1150 1128 fieri
1176 1085 1240 1129 non

100 1157 136 1215 49
156 1163 297 1236 oportet:
328 1154 468 1234 alioquin
496 1153 625 1214 infamia
653 1161 813 1215 notantur.
872 1152 1070 1215 Maledictum
1099 1153 1240 1233 itemque

156 1241 335 1302 conuicium
358 1240 487 1320 publice
505 1239 621 1300 factum
643 1238 683 1300 ad
705 1240 841 1301 iniuriae
863 1237 1039 1300 uindictam
1059 1248 1236 1300 reuocetur.

99 1329 136 1388 20
156 1345 220 1407 quo
235 1327 316 1388 facto
332 1325 557 1387 condemnatus
573 1324 701 1386 infamis
715 1325 860 1386 efficitur.
907 1326 974 1385 Non
989 1333 1112 1387 tantum
1128 1325 1164 1398 is,
1184 1326 1239 1405 qui
1260 1334 1290 1380 to

155 1411 360 1474 maledictum
386 1420 440 1473 ant
455 1412 632 1473 conuicium
652 1411 836 1491 ingesserit,
867 1411 1052 1471 iniuriarum
1078 1412 1241 1472 conuictus

154 1498 294 1560 famosus
311 1497 465 1576 eflicitur,
490 1496 548 1559 sed
563 1507 595 1558 et
609 1499 652 1576 is,
672 1499 763 1558 cuius
777 1515 837 1576 ope
852 1497 1022 1558 consilioue
1038 1496 1155 1558 factum
1172 1516 1240 1559 esse

98 1587 131 1648 24
155 1583 285 1647 dicitur.
324 1581 527 1646 *Conuicium
543 1592 651 1645 contra
665 1583 764 1644 bonos
778 1601 882 1643 mores
897 1583 966 1644 fieri
981 1580 1122 1662 uidetur,
1140 1584 1166 1644 si
1182 1581 1241 1644 ob-

154 1669 288 1732 *scaeno
310 1671 436 1731 nomine
459 1679 513 1730 aut
527 1669 678 1730 inferiore
698 1678 788 1748 parte
811 1669 950 1748 eorporis
964 1667 1103 1730 nudatus
1125 1669 1240 1749 aliquis

154 1757 347 1818 *insectatus
362 1757 413 1817 sit.
445 1755 531 1835 quod
546 1754 662 1817 lactum
683 1754 945 1834 contemplatione
960 1772 1083 1815 morum
1100 1763 1131 1815 et
1147 1773 1240 1842 causa
1259 1762 1290 1808 44

154 1841 322 1923 *publicae
345 1842 517 1903 honestatis
537 1840 711 1905 uindictam
736 1839 1004 1901 extraordinariae
1030 1840 1160 1902 ultionis
1183 1860 1240 1902 ex-

97 1933 135 1993 22
153 1927 310 2008 *pectet*
354 1929 490 2004 SeruuS,
517 1928 572 2007 qui
595 1927 745 1988 iniuriam
760 1935 814 1988 aut
829 1926 1050 1987 contumeliam
1066 1924 1193 2006 feeerit,
1212 1929 1239 1988 si

154 2013 286 2094 quidem
301 2023 456 2092 atrocem,
481 2016 513 2074 in
530 2013 692 2075 metallum
708 2012 893 2092 damnatur,
912 2013 940 2074 si
954 2031 1032 2074 uero
1047 2011 1164 2092 leuem,
1182 2012 1241 2074 lla-

154 2100 246 2180 gellis
267 2118 378 2162 caesus
393 2098 454 2161 sub
469 2118 570 2179 poena
584 2099 787 2160 uinculorum
810 2099 1030 2179 temporalium
1047 2097 1173 2160 domino
1190 2118 1241 2161 re-

152 2188 307 2248 stituitur.
1228 2237 1229 2242 ,
1257 2191 1290 2238 so

274 2358 318 2436 [44
362 2375 400 2416 ns
421 2375 548 2416 arrrcrv
570 2373 792 2417 srnrrnrmnru
814 2373 851 2416 444
874 2373 986 2416 rrurnvs
1009 2355 1119 2433 nrrrru]

118 2484 128 2542 4
241 2479 302 2538 Res
323 2477 478 2539 iudicatae
499 2474 653 2537 uidentur
674 2473 715 2536 ab
737 2475 803 2554 his,
829 2475 884 2554 qui
908 2475 1079 2554 imperium
1099 2483 1239 2554 potesta-

153 2575 283 2644 temque
300 2563 417 2624 habent
428 2563 481 2624 uel
497 2563 553 2642 qui
569 2581 608 2622 ex
624 2562 806 2624 auctoritate
820 2579 929 2622 eorum
941 2561 1024 2620 inter
1035 2570 1143 2642 partes
1159 2559 1239 2622 dan-

152 2661 224 2728 tur,
251 2650 391 2728 itemque
415 2669 436 2710 e
450 2647 682 2728 magistratibus
702 2645 943 2726 municipalibus
964 2664 1067 2725 usque
1088 2645 1129 2707 ad
1150 2665 1238 2708 sum-

152 2755 254 2814 mam,
273 2753 336 2815 qua
350 2737 400 2796 ius
416 2733 522 2796 dicere
537 2742 685 2814 possunt,
711 2733 852 2812 itemque
867 2731 908 2793 ab
923 2732 990 2809 his,
1009 2733 1063 2811 qui
1080 2731 1121 2794 ab
1136 2733 1238 2811 impe·
1256 2735 1288 2787 aa

153 2832 259 2883 ratore
275 2830 364 2882 extra
380 2820 522 2882 ordinem
538 2829 702 2899 petuntur.
728 2837 768 2880 ex
783 2819 1004 2898 compromisso
1020 2827 1125 2878 autern
1140 2817 1238 2878 iudex

153 2917 303 2988 sumptus
327 2926 394 2968 rem
418 2905 588 2968 iudicatam
611 2923 673 2966 non
705 2905 794 2966 lacit:
824 2903 881 2965 sed
901 2905 928 2965 si
945 2921 1055 2983 poena
1082 2904 1238 2964 intereos

152 2996 344 3074 promissum
366 2993 421 3072 sit,
446 3011 548 3072 poena
572 3009 605 3052 re
633 2992 667 3051 in
689 2989 841 3052 iudicium
865 2988 1000 3050 deducta
1023 3007 1062 3049 ex
1084 2989 1238 3070 stipulatu

294 3131 300 3149 l

153 3145 1235 3189 MAANOEWNWWWWNARRAJWWWIWMNWNVWWMUN

225 3250 576 3314 t,t8=Di9.ii,40,i2
615 3247 626 3310 ΙΙ
664 3248 689 3309 4,
705 3250 732 3295 st
750 3246 1064 3296 eetotioPerisieeaibur
1078 3247 1154 3296 44449.
1171 3247 1235 3294 4440

157 3321 281 3371 Vaticano
292 3332 347 3382 reg.
364 3322 428 3367 44448
449 3318 574 3368 Bereeeai
586 3318 634 3386 464
1149 3313 1152 3322 ’
1230 3351 1231 3356 ,

154 3455 359 3470 MWVWVVVW

152 3560 337 3626 disperatione
351 3557 514 3608 dialectionc
525 3555 564 3606 nil
576 3554 666 3618 Bere.)
687 3556 809 3616 cauetur,
829 3557 959 3619 quoniam
975 3551 1133 3603 omnimodo
1146 3549 1237 3601 delor-

152 3629 253 3680 manda
265 3631 307 3678 est
322 3627 372 3690 (est
384 3639 433 3676 om.
447 3626 477 3689 A)
499 3626 558 3675 eius
570 3637 697 3689 persona,
718 3626 813 3673 contra
825 3637 905 3687 quem
917 3623 1054 3672 uenimus.
1082 3619 1129 3670 sed
1143 3621 1170 3668 in
1184 3620 1237 3670 hoc

153 3699 253 3748 modus
270 3697 360 3760 (modo
372 3695 392 3744 l
405 3694 495 3757 Bere.)
511 3693 623 3758 quidam
635 3695 662 3742 et
673 3694 743 3742 ratio
756 3691 911 3742 adhibenda
923 3693 978 3740 est:
997 3689 1149 3738 aestimatio
1163 3693 1237 3738 enim

153 3769 235 3818 etiam
253 3766 306 3816 hoc
324 3765 406 3814 modo
424 3763 542 3813 laeditur
563 3760 700 3824 (legiturl
717 3760 796 3824 Vct),
817 3773 883 3822 quoe
898 3759 1018 3810 ceterius
1036 3770 1087 3806 noe
1100 3757 1176 3806 Pauli
1193 3759 1238 3806 aad

154 3837 306 3896 interpretis
318 3847 372 3884 ease
383 3834 450 3882 uidit

224 3906 237 3952 4
257 3901 427 3953 defendenda
439 3900 477 3962 u,
490 3899 689 3949 uindicandal
718 3896 729 3960 ΙΙ
760 3900 774 3946 6
792 3909 879 3961 usque
892 3893 936 3957 Lb,
950 3906 1058 3960 quoque
1072 3895 1108 3955 M,
1122 3895 1237 3951 incertus

153 3974 188 4022 L²
216 3972 228 4034 14
259 3975 289 4020 444
309 3970 512 4022 ohscineBere.
544 3967 555 4032 ΙΙ
586 3969 616 4018 44
635 3965 857 4016 interioriPoria.
873 3967 937 4014 44449
968 3964 979 4028 ii
1014 3965 1045 4012 st
1066 3963 1235 4025 amagistra-⁴

152 4042 228 4092 tibus
239 4037 452 4104 municipalibus
468 4037 599 4096 Celerius,
617 4037 791 4098 magistratus
803 4033 982 4098 municipales
994 4034 1092 4082 codices
1121 4031 1132 4093 ΙΙ
1161 4035 1192 4080 27
1213 4032 1235 4080 si

153 4111 204 4161 suh
218 4123 305 4175 poena
317 4111 389 4158 inter
401 4121 448 4157 eos
461 4106 689 4170 compromissum
701 4105 737 4152 sit
748 4116 799 4153 aer.
835 4102 846 4164 ΙΙ
882 4107 913 4151 48
933 4104 1001 4152 rein
1014 4099 1140 4160 lluaeltlte,
1154 4101 1194 4150 rei
1208 4101 1236 4148 in

153 4181 190 4240 M,
205 4179 297 4230 reml
326 4177 337 4241 ΙΙ
366 4176 524 4237 deductam,
539 4174 673 4224 deductae
686 4173 711 4222 M

1012 4259 1025 4304 8
