3028 4830
274 379 346 429 Paul.
362 379 395 441 11,
410 381 451 428 to.
467 381 498 428 tt
663 411 748 424 .-..-
793 379 833 440 711
877 410 963 422 ..-

273 570 346 630 *aut
366 577 496 648 neptem
521 584 653 628 uxorem
676 565 793 628 ducere
816 583 1002 646 possumus:
1031 574 1220 644 proneptem
1247 565 1358 624 aetatis

238 657 254 714 l
274 654 371 714 *ratio
386 652 545 734 prohibet.
577 649 734 732 Adoptiua
751 651 892 732 cognatio
908 649 1041 733 impedit
1057 651 1185 730 nuptias
1200 650 1284 711 inter
1299 669 1358 729 pa·

273 743 398 801 *rentes
413 758 449 800 ac
463 737 581 800 liberos
596 737 784 815 omnimodo,
803 737 888 798 inter
903 736 1018 798 fratres
1034 746 1181 814 catenae,
1199 745 1358 815 quatenus

237 826 255 884 5
273 825 403 906 *capitis
418 824 551 886 minutio
568 843 629 884 non
646 823 828 886 interuenit.
868 824 932 884 Nec
947 841 1072 886 socrum
1088 841 1148 883 neo
1165 839 1282 883 nurum
1304 839 1359 882 nec

273 911 471 992 *priuignam
497 929 556 970 nec
585 928 754 971 nouercam
780 908 950 989 aliquando
976 910 1054 970 citra
1082 927 1216 989 poenam
1243 907 1396 968 incestis

274 999 422 1058 *uxorem
438 995 557 1058 ducere
572 996 656 1074 licet,
674 996 756 1057 sicut
771 1014 830 1056 nec
842 995 970 1056 amitam
985 1003 1039 1056 aut
1054 1003 1266 1055 materteram.
1300 991 1357 1054 sed

273 1084 346 1162 *qui
368 1083 422 1144 uel
438 1091 599 1164 cognatam
621 1090 726 1144 contra
750 1079 953 1143 interdictum
969 1079 1115 1158 duxerit,
1139 1079 1271 1140 remisso
1287 1099 1359 1141 mu-

273 1169 363 1230 *lieri
385 1169 464 1230 iuris
486 1186 593 1228 errore
616 1169 684 1247 ipse
705 1185 839 1248 poenam
862 1166 1009 1228 adulterii
1031 1167 1101 1246 lege
1124 1165 1201 1226 Iulia
1224 1165 1356 1245 patitur,

239 1257 256 1314 a
272 1256 354 1315 *non
371 1253 465 1316 etiam
481 1253 607 1315 ducta*
628 1254 714 1315 Inter
730 1271 839 1314 seruos
854 1261 885 1314 et
898 1252 1017 1314 liberos
1032 1251 1266 1313 matrimonium
1283 1270 1361 1311 con·

238 1341 256 1401 7
274 1341 354 1402 trahi
372 1359 436 1401 non
447 1347 561 1420 potest,
579 1339 820 1401 contubernium
836 1348 949 1419 potest.
975 1339 1084 1418 Neque
1101 1337 1238 1400 furiosus
1253 1355 1360 1416 neque
1383 1349 1418 1393 to

274 1426 390 1488 iuriosa
416 1426 649 1486 matrimonium
680 1425 863 1486 contrahere
893 1434 1042 1506 possunt:
1080 1422 1137 1486 scd
1163 1432 1360 1484 contractum

236 1515 256 1572 8
274 1512 507 1574 matrimonium
525 1509 630 1573 furore
645 1529 708 1572 non
725 1511 855 1572 tollitur.
892 1511 947 1572 Vir
962 1508 1077 1577 absens
1092 1528 1224 1570 uxorem
1240 1508 1361 1570 ducere

238 1602 255 1659 9
275 1607 395 1678 potest:
414 1597 532 1659 femina
547 1596 663 1658 absens
677 1595 800 1659 nubere
817 1615 878 1657 non
894 1605 1008 1677 potest.
1048 1595 1225 1674 Libertum,
1245 1597 1300 1674 qui
1319 1593 1361 1656 ad

275 1685 401 1765 nuptias
417 1693 567 1764 patronae
582 1683 635 1744 uel
647 1685 755 1744 uxoris
771 1681 916 1762 filiaeque
929 1683 1054 1764 patroni
1066 1681 1285 1760 adlectauerit,
1302 1700 1361 1762 pro

275 1770 429 1851 dignitate
451 1788 604 1850 personae
621 1769 739 1830 metalli
754 1788 854 1848 poena
877 1769 928 1831 uel
951 1768 1055 1848 operis
1075 1765 1196 1849 publici
1220 1768 1360 1828 coerceri
1384 1778 1418 1822 ⁴5

218 1858 255 1916 to
275 1857 404 1936 placuit.
448 1856 500 1917 *si
522 1857 595 1935 quis
616 1855 752 1916 ollicium
776 1856 809 1915 in
831 1854 938 1934 aliqua
959 1855 1125 1935 prouincia
1145 1852 1356 1931 administrat,

275 1941 369 2003 *inde
384 1941 548 2004 oriundam
565 1941 618 2002 uel
633 1940 678 2001 ihi
700 1940 892 2002 domicilium
908 1938 1077 2002 habentem
1092 1958 1225 2000 uxorem
1242 1938 1361 2000 ducere

275 2031 356 2089 *non
372 2037 490 2108 potest,
511 2028 658 2106 quamuis
673 2045 823 2107 sponsare
838 2045 901 2088 non
917 2025 1140 2107 prohibeatur:
1165 2025 1358 2102 itascilicet,

275 2117 339 2191 *ut‚
359 2114 385 2174 si
400 2123 470 2194 post
481 2111 618 2174 cilicium
631 2112 807 2192 depositum
822 2112 956 2174 noluerit
967 2113 1082 2174 mulier
1094 2111 1222 2192 nuptias
1234 2119 1362 2172 contra-

275 2201 388 2276 *here,
412 2199 506 2260 liceat
529 2200 559 2259 ci
581 2198 640 2259 hoc
662 2197 767 2260 iacere
791 2199 871 2260 arris
885 2196 1100 2260 tantummodo
1122 2195 1256 2258 redditis
1279 2207 1418 2276 quasso

220 2287 252 2345 ll
275 2288 469 2365 *acceperat
507 2285 652 2346 Veterem
674 2303 819 2365 sponsam
834 2285 867 2345 in
884 2283 1064 2364 prouincia,
1090 2301 1154 2363 qua
1169 2283 1241 2363 quis
1257 2281 1362 2344 admi-

275 2371 424 2450 *nistrat,
448 2389 579 2431 uxorem
603 2369 719 2432 ducere
734 2379 853 2449 potest,
880 2379 911 2430 et
926 2368 982 2431 dos
1004 2368 1076 2431 data
1092 2387 1153 2438 non
1177 2369 1211 2429 fit
1227 2367 1358 2430 caduca.

220 2459 257 2518 19
276 2457 355 2528 *Qui
372 2457 404 2516 in
427 2456 591 2536 prouincia
612 2455 734 2536 aliquid
755 2454 971 2534 administrat,
996 2457 1029 2516 in
1045 2475 1081 2516 ea
1097 2455 1263 2534 prouincia
1280 2454 1361 2516 filias

275 2545 368 2604 *suas
378 2543 411 2602 in
423 2541 656 2604 matrimonium
671 2543 823 2604 collocare
840 2550 872 2603 et
883 2540 988 2604 dotem
1003 2542 1195 2606 constituere
1209 2559 1272 2601 non
1285 2559 1362 2620 pro-

219 2629 256 2688 13
275 2627 433 2690 *hibetur
473 2627 539 2688 Non
562 2637 610 2690 est
625 2628 875 2706 matrimonium,
897 2628 924 2689 si
940 2636 1024 2688 tutor
1044 2627 1096 2688 uel
1113 2635 1238 2688 curator
1252 2626 1361 2706 pupil-
1382 2637 1419 2684 25

276 2716 355 2776 *lam
377 2733 466 2776 suam
487 2715 571 2776 intra
593 2715 781 2776 uicesimum
805 2724 837 2774 et
859 2723 984 2776 sextum
1000 2731 1118 2776 annum
1143 2731 1206 2774 non
1221 2711 1362 2792 despon-

212 2838 214 2843 ·
275 2804 361 2863 *sam
383 2821 402 2862 a
423 2809 514 2880 patre
537 2819 597 2861 nec
618 2809 806 2862 testamento
830 2798 1019 2862 destinatam
1040 2798 1134 2861 ducat
1154 2817 1286 2860 uxorem
1307 2799 1362 2860 uel

275 2888 362 2950 *eam
379 2886 442 2946 lilio
461 2905 518 2948 suo
534 2887 662 2966 iungat:
688 2905 750 2966 quo
765 2883 845 2948 iacto
864 2895 998 2965 uterque
1011 2883 1181 2948 infamatur
1194 2894 1225 2946 et
1237 2903 1295 2964 pro
1311 2883 1362 2944 di-

275 2973 412 3056 *gnitate
426 2973 565 3052 pupillae
582 2981 671 3034 extra
686 2971 828 3035 ordinem
845 2981 1021 3033 coercetur:
1041 2989 1100 3034 nec
1115 2971 1258 3045 interest,
1277 2970 1362 3032 filius

219 3057 256 3118 ll
275 3058 344 3120 *sui
360 3058 437 3120 iuris
453 3077 492 3120 an
510 3059 542 3119 in
558 3059 658 3138 patris
677 3066 832 3138 potestate
849 3059 898 3118 sit.
942 3057 1103 3118 Curatoris
1124 3055 1274 3118 libertum
1291 3075 1361 3118 cam
1383 3066 1418 3112 ao

275 3144 464 3224 *pupillam,
488 3145 580 3206 cuius
601 3153 753 3223 patronus
775 3161 828 3204 res
850 3142 1064 3222 administrat,
1091 3161 1222 3204 uxorem
1242 3141 1362 3203 ducere

275 3231 370 3292 *satis
386 3230 514 3292 incinile
532 3231 611 3290 est*

650 3381 697 3464 [xx
740 3401 777 3443 nn
799 3381 983 3464 concinnus]

241 3505 252 3563 l
363 3503 407 3570 Eo
421 3512 575 3583 tempore,
594 3521 656 3582 quo
668 3503 740 3582 quis
751 3520 882 3564 uxorem
897 3501 1002 3579 habet,
1020 3498 1227 3564 concubinam
1242 3499 1361 3563 habere

277 3608 340 3650 non
355 3597 469 3670 potest.
495 3587 671 3650 concubina
687 3587 784 3668 igitur
800 3586 839 3650 ab
856 3606 955 3649 uxore
971 3587 1034 3650 solo
1047 3585 1164 3650 dilectu
1179 3597 1358 3668 separatur.
1382 3599 1416 3644 aa

289 3705 295 3714 ³
300 3707 311 3717 U
316 3707 1161 3722 UVWNQWMWW'VWWWMNWVVWVWW*
1170 3706 1304 3719 WWW
1312 3706 1360 3721 W

330 3758 690 3821 1ro,a-s=cuuooa‚a
716 3758 726 3820 1
753 3758 1156 3822 re,ro-ra=nr9.aa,e,aa
1180 3757 1192 3820 1
1217 3761 1259 3819 to,
1276 3761 1361 3808 reat

278 3847 309 3870 .-.
323 3829 382 3893 neq.
397 3831 439 3889 aa,
455 3830 480 3888 a,
496 3831 528 3877 oa

348 3986 358 4030 t
374 3982 529 4047 possumus]
544 3995 598 4032 non
610 3995 758 4047 possumus
769 3983 866 4031 codices
895 3981 905 4043 11
936 3983 948 4028 t
964 3993 1016 4030 nec
1027 3979 1192 4044 priuignam]
1207 3981 1362 4045 priuignam

278 4052 375 4100 codices
409 4051 420 4114 11
454 4051 591 4116 'tquiuel
606 4051 701 4112 cotis,
716 4051 820 4114 nelqui
837 4049 925 4108 corin,
939 4049 984 4100 uel
1000 4049 1080 4100 cour
1120 4048 1131 4112 11
1172 4052 1203 4098 eo
1223 4049 1328 4112 quosl?
1353 4047 1365 4115 1

279 4122 310 4167 tt
329 4119 492 4183 desponsam
506 4119 551 4179 Fi,
566 4119 758 4184 desponsatam
773 4115 809 4168 F²
845 4117 857 4181 11
896 4120 927 4166 at
947 4117 1100 4168 concubina
1115 4118 1162 4167 nt
1201 4117 1212 4181 11
1252 4121 1282 4166 tt
1303 4123 1364 4168 octo

278 4185 433 4238 concubina
447 4189 527 4252 igitur
539 4190 663 4238 amulio
674 4189 835 4238 intercidisse
846 4189 945 4236 monuit
958 4186 1075 4236 Huschke
1245 4180 1247 4186 '
