3028 4830
549 405 635 416 ...
678 371 716 432 21
763 405 849 418 .....
1135 374 1196 438 le.
1212 379 1243 423 te

117 557 135 615 8
244 559 439 638 Vsucapione
461 558 634 622 dominium
656 559 862 640 adipiscimur
877 569 942 621 tam
966 562 1114 641 mancipii
1135 581 1241 625 rerum

154 663 252 724 quam
268 663 326 705 nec
342 646 502 726 mancipii.
533 647 684 726 usucapio
701 655 748 706 εει
768 655 874 710 autem
890 645 1021 710 dominii
1037 647 1164 728 adeptio
1186 667 1244 728 per

155 731 424 794 continuationem
447 733 654 810 possessionis
669 733 743 802 anni
766 732 818 794 uel
840 731 979 794 biennii:
1008 752 1116 794 rerum
1140 733 1243 796 mohi-

155 817 233 878 lium
251 818 334 896 anni,
355 815 563 879 immobilium
579 816 713 880 biennii.

117 901 135 959 9
243 903 278 964 ln
300 904 368 964 iure
390 904 490 964 cessio
506 922 633 983 quoque
656 906 830 966 communis
846 905 992 966 alienatio
1009 913 1057 966 est
1076 913 1107 966 et
1123 906 1242 968 manci·
1261 918 1275 962 a

156 989 202 1068 pii
226 1007 335 1049 rerum
357 998 387 1049 ει
408 1009 467 1050 nec
485 990 651 1070 mancipii:
681 1009 763 1069 quae
784 991 817 1052 fit
840 1009 898 1070 per
923 999 990 1052 tres
1010 1009 1178 1070 personas,
1208 993 1239 1054 in

95 1071 228 1135 l0¹iure
240 1075 394 1150 cedentis,
413 1075 617 1154 uindicantiS,
636 1075 823 1138 addicentis.
849 1077 883 1136 ln
896 1078 965 1137 iure
977 1075 1061 1138 cedit
1074 1075 1237 1138 dominus:

95 1157 131 1215 ll
156 1158 300 1220 uindicat
322 1161 367 1239 ia,
392 1163 441 1223 cui
464 1161 606 1222 ceditur:
635 1161 754 1224 addicit
775 1172 912 1242 praetor.
951 1163 986 1223 ln
1007 1164 1077 1223 iure
1099 1162 1166 1224 cedi
1191 1183 1241 1225 res

157 1246 253 1306 etiam
276 1247 489 1328 incorporales
515 1258 663 1327 possunt,
689 1249 778 1309 uelut
801 1247 1001 1310 ususfructus
1029 1257 1059 1308 et
1081 1248 1242 1310 hereditas

94 1329 136 1389 42
157 1341 188 1392 ει
203 1332 301 1393 tutela
313 1333 454 1412 legitima
470 1333 612 1394 libertae.
638 1333 802 1395 Hereditas
819 1335 851 1394 in
864 1335 933 1395 iure
945 1335 1070 1396 ceditur
1081 1335 1135 1396 uel
1151 1345 1241 1396 ante·
1251 1348 1291 1412 ,tc
1376 1401 1381 1412 .

95 1415 134 1476 l3
156 1437 251 1498 quam
268 1417 400 1480 adeatur
414 1421 466 1480 uel
488 1429 689 1499 posteaquam
711 1417 796 1481 adita
812 1419 918 1482 fuerit.
952 1419 1130 1500 Antequam
1146 1420 1242 1482 adea-

156 1514 227 1582 tur,
247 1505 279 1564 in
296 1504 365 1566 iure
381 1503 449 1566 cedi
465 1515 569 1586 potest
581 1505 624 1583 ¹ab
639 1505 755 1568 herede
772 1507 919 1588 lepitimo:
937 1515 1140 1586 posteaquam
1156 1506 1241 1568 adita

157 1601 217 1668 est,
234 1599 299 1650 tam
314 1609 331 1652 a
344 1591 480 1670 legitimo
496 1610 590 1672 quam
603 1589 644 1652 ab
660 1611 707 1670 eo,
727 1593 780 1672 qui
797 1601 983 1652 testamento
995 1593 1086 1652 heres
1103 1593 1242 1672 scriptus

92 1673 134 1732 tl
156 1687 215 1737 est.
242 1677 273 1736 Si
290 1686 459 1758 antequam
475 1678 608 1739 adeatur
626 1678 784 1739 hereditas
799 1679 832 1736 iu
848 1678 916 1739 iure
932 1696 1019 1739 cessa
1034 1679 1091 1756 sit,
1110 1676 1241 1758 proinde

153 1763 249 1823 heres
266 1763 310 1841 fit,
329 1763 378 1824 cui
394 1781 483 1824 cessa
499 1774 555 1840 est,
575 1783 610 1824 ac
626 1764 652 1824 si
668 1765 735 1844 ipse
752 1763 845 1826 heres
861 1763 1019 1843 legitimus
1035 1775 1130 1825 esset.
1156 1763 1242 1843 quod
1262 1776 1292 1821 to

154 1850 182 1909 si
198 1857 400 1929 posteaquam
416 1848 500 1910 adita
513 1848 618 1928 fuerit,
637 1851 669 1909 in
685 1851 754 1911 iure
771 1867 858 1911 cessa
874 1851 924 1928 sit,
944 1849 1040 1929 isqui
1057 1850 1150 1910 cessit
1166 1867 1242 1929 per-

154 1944 262 1995 manet
278 1936 373 1996 heres
396 1945 427 1996 et
442 1935 482 1996 ob
498 1934 531 1996 id
551 1933 758 1998 oreditoribus
781 1935 921 1997 defuncti
945 1945 1050 1998 manet
1067 1934 1238 2016 obligatus:

93 2017 134 2075 l5
154 2019 268 2081 Debita
279 2039 357 2082 uero
369 2031 517 2102 pereunt,
536 2021 569 2082 id
585 2031 632 2084 est
648 2019 809 2083 debitores
825 2021 968 2090 defuncti
984 2021 1171 2100 liberantur,
1181 2038 1241 2083 'res

155 2115 261 2168 autem
279 2107 463 2186 corporales
484 2109 579 2187 quasi
592 2108 733 2188 singulae
750 2109 782 2168 in
798 2109 868 2169 iure
884 2127 989 2170 cessae
1006 2117 1116 2185 essent,
1135 2115 1242 2170 trans-

155 2201 234 2254 eunt
249 2191 290 2252 ad
306 2212 389 2272 eum,
410 2195 460 2255 cui
477 2213 565 2254 cessa
581 2203 628 2256 est
645 2192 817 2255 hereditas.
1259 2204 1290 2249 ιι

93 2276 135 2334 lh
242 2276 483 2341 Adiudicatione
506 2278 643 2341 dominia
659 2281 872 2342 nanciscimur
894 2297 954 2359 per
968 2278 1133 2340 formulam
1149 2277 1242 2340 fami-

140 2364 218 2426 -liae
239 2364 483 2445 herciscundae,
504 2385 585 2446 quae
601 2367 704 2427 locum
719 2365 813 2428 hahet
832 2369 916 2426 inter
931 2365 1118 2443 coheredeS,
1138 2374 1169 2426 et
1184 2385 1243 2446 per

156 2449 324 2511 formulam
345 2453 502 2529 communi
524 2451 717 2530 diuidundo,
745 2453 796 2514 cui
810 2451 897 2512 locus
914 2460 962 2512 est
978 2453 1062 2512 inter
1077 2453 1191 2530 socios,
1212 2461 1243 2512 et

155 2555 217 2617 per
240 2535 406 2598 formulam
427 2529 538 2600 linium
568 2538 801 2617 regundorum,
826 2556 908 2618 quae
932 2547 979 2598 est
1000 2537 1084 2598 inter
1106 2537 1238 2598 uicinos.

154 2641 230 2683 nam
246 2623 272 2683 si
289 2622 386 2684 iudex
406 2624 462 2685 uni
479 2643 518 2685 ex
532 2623 703 2685 heredibus
719 2633 773 2685 aut
788 2624 880 2685 sociis
896 2633 951 2684 aut
973 2623 1084 2684 uicinis
1101 2642 1168 2684 rem
1184 2623 1243 2684 ali·
1261 2634 1293 2678 aa

155 2727 252 2788 quam
268 2703 512 2788 adiudicauerit,
533 2711 637 2772 statim
654 2710 699 2770 illi
715 2709 903 2790 adquiritur,
922 2711 990 2770 siue
1006 2710 1155 2788 mancipii
1172 2709 1241 2770 siue

154 2813 215 2855 nec
230 2795 379 2875 mancipii
396 2797 447 2857 sit.

94 2877 135 2937 47
242 2883 323 2960 Lege
339 2881 430 2942 nohis
446 2879 626 2962 adquiritur
649 2882 738 2943 uelut
754 2881 907 2944 caducum
923 2881 976 2942 uel
993 2881 1186 2960 ereptorium
1203 2897 1242 2940 ex

134 3021 136 3024 .
154 2967 224 3046 lege
240 2967 333 3046 Papia
351 2967 511 3048 Poppaea,
528 2969 605 3028 item
626 2967 764 3047 legatum
787 2966 910 3048 exlege
934 2964 1098 3028 duodecim
1119 2963 1243 3026 tabula-

155 3071 239 3131 rum,
259 3053 328 3113 siue
343 3053 493 3134 mancipii
510 3071 561 3114 res
577 3055 640 3114 sint
656 3053 723 3114 siue
739 3071 797 3114 nec
811 3053 971 3132 mancipii.
1258 3060 1289 3105 3⁰

95 3136 135 3194 la
243 3137 433 3218 Adquiritur
461 3148 562 3200 autem
584 3137 676 3200 nobis
698 3140 792 3200 etiam
818 3157 877 3218 per
898 3157 950 3200 eas
972 3153 1138 3218 personas,
1164 3154 1242 3216 quas

155 3225 189 3284 in
206 3233 358 3304 potestate
379 3243 475 3286 manu
490 3225 687 3305 mancipioue
703 3223 867 3285 habemus
893 3225 1001 3304 itaque
1018 3223 1045 3284 si
1061 3222 1138 3302 quid
1153 3237 1242 3283 man-

155 3311 238 3390 cipio
259 3319 335 3390 puta
358 3312 537 3391 acceperint
558 3321 612 3372 aut
632 3310 783 3372 traditum
806 3311 852 3379 eis
868 3312 909 3370 sit
931 3311 985 3370 uel
1006 3309 1147 3388 stipulati
1172 3307 1243 3370 fue-

95 3393 136 3453 le
155 3397 231 3473 rint,
249 3395 291 3456 ad
302 3415 358 3458 nos
374 3398 524 3476 pertinet.
549 3398 627 3458 Item
640 3397 667 3458 si
682 3395 814 3458 heredes
827 3396 964 3456 instituti
981 3397 1045 3456 sint
1061 3395 1241 3472 legatumue

156 3483 202 3543 eis
218 3483 277 3560 sit,
296 3491 327 3543 et
342 3481 550 3544 hereditatem
567 3484 657 3544 iussu
671 3491 777 3544 nostro
793 3480 948 3544 adeuntes
963 3479 1055 3542 nohis
1070 3479 1242 3560 adquirunt
1261 3489 1293 3534 ss

92 3565 135 3625 20
156 3577 189 3628 et
203 3567 340 3647 legatum
362 3568 402 3630 ad
418 3588 475 3630 nos
497 3571 646 3649 pertinet.
680 3569 712 3630 Si
734 3586 846 3630 seruus
868 3568 998 3629 alterius
1015 3567 1047 3626 in
1067 3565 1177 3642 honis,
1197 3565 1244 3626 al-

156 3655 258 3714 terius
281 3672 321 3714 ex
336 3655 405 3715 iure
420 3653 591 3727 Quiritium
608 3655 664 3732 sit,
692 3674 731 3716 ex
753 3652 901 3715 omnibus
919 3654 1023 3714 causis
1045 3649 1184 3730 adquirit
1200 3652 1239 3726 ei,

159 3820 943 3840 n‘ervitvxmmvvvvvvxmvvvv-Amvmmwvxwmmww

227 3914 237 3959 t
261 3909 417 3962 dominiad
441 3907 452 3976 ΙΙ
479 3915 493 3959 6
512 3911 591 3974 quae]
612 3925 697 3976 caque
711 3911 835 3974 Subtilior
861 3907 870 3974 ll
898 3913 911 3957 7
933 3907 1244 3960 cedentosuindieanlas

157 3979 317 4030 addicentes
333 3979 353 4030 C
376 3976 387 4044 ΙΙ
415 3982 447 4028 ta
460 3978 494 4030 ab
508 3979 608 4031 herede
621 3981 740 4044 legitimo
755 3979 884 4037 coiectae,
899 3977 1017 4040 legitime
1029 3975 1063 4028 oh
1076 3975 1177 4027 herede
1193 3976 1213 4027 G
1235 3974 1244 4040 ll

159 4045 652 4110 traco(mooosseocaoor,om.0²
680 4047 690 4114 ΙΙ
720 4045 964 4112 toposteaeumd
997 4042 1007 4112 ll
1043 4046 1240 4109 aequasi...

157 4119 249 4168 essent
261 4117 396 4180 Scbilltoa,
410 4119 537 4180 quoties.
554 4156 560 4168 .
577 4154 583 4167 .
598 4120 663 4169 sunt
678 4118 697 4168 C
713 4112 723 4182 ll
742 4119 773 4166 ιι
793 4117 862 4168 inter
895 4163 896 4166 ,
912 4129 943 4166 οε
956 4114 1071 4165 heredes
1087 4111 1107 4166 G
1123 4110 1133 4180 ΙΙ
1152 4115 1179 4160 tt
1197 4115 1244 4162 aut

161 4183 180 4234 C
205 4183 214 4251 ΙΙ
241 4190 272 4235 ³2
286 4186 435 4250 quideme
459 4181 469 4252 ΙΙ
495 4190 526 4236 8³
540 4185 713 4252 acceperitc
737 4182 747 4252 ll
774 4188 803 4233 37
818 4186 861 4235 ius
917 4179 928 4250 ΙΙ
954 4180 1244 4246 εεεείεεεάεείεειθ
