3066 4826
654 329 975 390 -150—

318 538 384 577 cum
399 521 486 578 hodie
501 522 547 577 hio
563 521 654 577 codex
669 522 699 578 in
713 521 807 577 media
823 519 837 592 §
852 525 867 578 i
885 521 1008 588 deficiat,
1027 535 1081 576 nec
1097 523 1195 591 sciam,
1216 528 1314 578 utrum

318 607 428 678 integer
444 609 479 662 sit
495 624 531 663 an
546 608 667 663 sortasse
683 605 749 664 lolia
764 607 900 664 nonnulla
915 607 1010 662 excisa
1028 608 1094 662 sint.
1134 608 1190 664 hoc
1212 609 1313 678 ntique

318 699 429 750 constat
452 694 524 749 duas
547 700 576 748 et
590 692 693 749 Graeci
716 698 744 748 et
759 693 848 748 Latini
871 698 1023 749 contextus
1039 693 1221 749 recensiones
1236 695 1314 748 inter

317 795 349 836 se
372 778 502 834 diuersas
523 779 569 834 his
587 777 668 834 libris
682 779 767 835 nobis
782 779 900 834 traditas
915 794 989 846 esse,
1015 794 1140 848 quarum
1155 780 1274 835 alteram
1293 782 1317 834 V

318 865 410 934 solus,
437 867 556 922 alteram
577 863 599 921 S
619 865 643 920 P
661 865 795 921 Pithoeus
817 870 1048 936 repraesentent,
1078 871 1107 920 et
1129 865 1216 921 modo
1238 865 1313 922 hanc

317 951 403 1008 modo
418 951 495 1006 illam
510 968 526 1007 a
542 950 716 1008 Dositheano
732 955 866 1008 contextu
882 952 1002 1022 propius
1018 948 1133 1006 abesse.
1177 967 1243 1007 cum
1258 969 1313 1007 au-

317 1044 376 1092 tem
398 1037 484 1093 huius
507 1037 658 1108 fragmenti
681 1037 784 1093 editori
805 1036 835 1091 id
857 1037 1000 1106 agendum
1016 1051 1079 1092 esse
1094 1042 1174 1092 recte
1190 1037 1313 1093 demon-

319 1124 453 1182 strauerit
466 1123 584 1180 Carolus
595 1123 760 1180 lachmann
769 1115 804 1196 ¹),
822 1129 855 1178 ut
870 1123 1026 1192 genuinum
1041 1123 1228 1179 iureconsulti
1239 1140 1314 1196 opus

318 1209 510 1279 redintegret,
543 1211 571 1263 in
600 1209 654 1264 hac
677 1207 802 1264 editione
825 1209 955 1264 Latinum
973 1214 1139 1264 contextum
1160 1211 1312 1278 pristinum

319 1311 373 1368 ope
395 1297 576 1366 potissimum
597 1295 748 1365 utriusque
758 1295 853 1349 <Latini
878 1299 1029 1349 contextus
1052 1295 1102 1364 qui
1124 1295 1247 1350 traditur
1262 1311 1313 1350 re-

318 1397 458 1452 cuperare
473 1381 646 1437 studuimus
686 1387 836 1452 praeterea
852 1379 956 1436 Graeci
970 1385 1122 1435 contextus
1136 1383 1313 1451 comparatio

289 1473 290 1476 ’
319 1467 469 1522 nonnullas
491 1467 581 1522 Latini
611 1471 761 1523 contextus
789 1467 948 1524 locutiones
977 1481 1131 1536 peruersas
1161 1483 1196 1522 ex
1222 1483 1313 1536 praua

318 1552 419 1608 Graeci
442 1559 592 1608 contextus
614 1554 749 1608 uersione
772 1558 849 1609 ortas
872 1567 935 1607 esse
958 1551 1072 1607 docuit:
1097 1553 1190 1608 rarius
1212 1551 1260 1608 hic
1276 1569 1312 1608 eo

318 1639 408 1707 duxit,
435 1645 467 1693 ut
488 1639 627 1694 leuiculas
642 1639 781 1708 quasdam
797 1638 885 1693 Latini
902 1643 1052 1693 contextus
1067 1639 1247 1710 corruptelas
1262 1655 1313 1694 re-

318 1723 493 1781 centioribus
509 1725 627 1780 demum
641 1723 764 1780 librariis
780 1722 880 1779 deberi
894 1724 1136 1794 intellegeremus.
1176 1724 1205 1780 in
1220 1741 1313 1795 appa-

319 1817 382 1865 ratu
405 1811 503 1866 critico
526 1811 727 1882 componendo
749 1809 881 1866 codicum
899 1811 963 1866 Vet
978 1809 999 1865 S
1016 1809 1153 1865 lectiones
1170 1826 1205 1866 ex
1220 1811 1314 1867 Boeo-

318 1894 404 1966 kingii
419 1891 572 1974 editione2)
595 1897 801 1970 repetiuirnus;
820 1895 930 1950 Pithoei
948 1895 1102 1951 editionem
1117 1897 1171 1965 ipsi
1187 1897 1313 1952 contuli-

317 1997 399 2050 muS,
432 1983 455 2036 P
481 1981 614 2038 dedimus
636 1983 672 2037 ad
694 1981 891 2053 apographum
912 1983 969 2036 uiri
990 1981 1145 2038 doctissimi
1169 1983 1273 2038 Delisle
1296 2001 1313 2038 a

318 2067 477 2124 Boucherio
492 2061 647 2145 editumi).
687 2074 773 2138 atque
788 2067 898 2123 Pithoei
913 2067 1030 2136 quidem
1045 2067 1199 2122 editionem
1214 2069 1244 2123 in
1259 2069 1314 2124 ad-

317 2157 463 2210 notatione
487 2155 584 2211 eritica
606 2170 665 2211 non
679 2153 861 2209 laudauimus
878 2153 932 2208 nisi
947 2153 998 2209 ubi
1013 2151 1050 2208 ab
1065 2153 1087 2209 S
1101 2153 1219 2210 recedit.
1261 2170 1315 2210 co-

318 2233 420 2294 dicum
434 2239 499 2296 VSP
517 2247 613 2296 autem
634 2240 751 2310 plenam
769 2240 928 2310 scripturae
944 2237 1165 2309 discrepantiam
1180 2242 1314 2295 enotaui-

318 2317 428 2400 mus4).
464 2327 495 2381 in
510 2323 524 2398 ς
544 2331 553 2381 t
577 2341 642 2380 cum
657 2325 759 2381 tradita
774 2325 857 2380 lectio
873 2325 956 2380 nimis
972 2323 1008 2379 ab
1024 2341 1057 2380 ea
1074 2325 1205 2386 recedat.
1225 2341 1313 2396 quam

318 2413 470 2480 genuinam
492 2412 677 2467 iureconsulti
701 2411 788 2466 luisse
811 2411 933 2466 diuinari
955 2412 1049 2482 liceat,
1076 2413 1179 2482 pagina
1195 2413 1225 2466 in
1241 2412 1314 2468 duas

319 2496 467 2576 columnas
490 2497 582 2553 diuisa
605 2498 702 2568 priore
725 2497 787 2553 loco
810 2495 942 2552 traditam
963 2497 1126 2566 lectionem,
1152 2499 1314 2569 posteriore

319 2588 484 2638 contextum
507 2599 523 2640 e
543 2585 658 2654 regione
675 2585 826 2655 posuimus
841 2585 879 2638 ita
894 2584 1070 2652 restitutum,
1097 2589 1128 2638 ut
1144 2583 1204 2638 lere
1220 2584 1314 2640 Lach-

318 2669 414 2724 manni
429 2671 627 2727 recensionem
643 2683 843 2739 sequeremur.
883 2665 897 2740 §
915 2672 929 2720 2
949 2675 977 2724 et
996 2674 1011 2726 3
1036 2685 1094 2726 non
1111 2669 1243 2725 dedimus
1259 2671 1314 2726 nisi

318 2753 450 2810 traditam
472 2755 641 2811 lectionem:
671 2753 733 2810 fieri
756 2756 833 2810 enim
855 2769 941 2826 posse
964 2761 1117 2824 negamus,
1145 2761 1176 2810 ut
1198 2772 1233 2810 ex
1256 2763 1315 2834 tam

318 2843 462 2912 corruptis
488 2843 652 2912 mutilisque
678 2842 826 2897 sententiis
852 2843 975 2910 genuina
1002 2842 1097 2912 operis
1124 2841 1211 2896 iacies
1237 2842 1315 2898 diui-

318 2926 413 2982 nando
432 2934 634 2998 recuperetur.
674 2934 760 2996 atque
783 2927 812 2981 in
834 2927 954 2996 reliquis
976 2942 1094 2998 quoque
1117 2942 1174 2982 non
1188 2934 1246 2982 tam
1261 2943 1314 2998 ge-

318 3013 439 3067 nuinum
464 3014 652 3070 iureconsulti
678 3029 841 3069 sermonem
864 3028 951 3082 quam
973 3029 1036 3068 rem
1057 3014 1148 3082 ipsam
1171 3029 1200 3083 q.
1227 3013 1257 3068 d.
1283 3031 1310 3069 a.

319 3099 439 3168 adsequi
454 3115 507 3154 nos
522 3115 608 3169 posse
624 3115 793 3169 persuasum
809 3096 961 3154 habemus

382 3266 401 3314 V
413 3285 444 3307 ==
458 3264 723 3328 lugduno-Batauus
735 3277 762 3313 n.
778 3267 809 3312 80
823 3277 894 3314 saec.
910 3263 948 3313 IX
960 3264 1005 3314 uel
1017 3263 1043 3312 X

380 3333 398 3382 S
410 3353 441 3376 π.-
455 3333 721 3397 Lugduno-Batauus
734 3347 761 3382 n.
777 3336 805 3380 ol
824 3333 929 3397 (incipit
941 3331 953 3396 d
965 3335 989 3391 2)

379 3403 400 3451 P
413 3422 444 3446 ==
458 3403 615 3452 Parisiensls
628 3403 685 3452 Lat.
700 3404 766 3450 otoo
780 3415 851 3452 saec.
866 3401 891 3452 X
903 3403 947 3452 uel
960 3401 996 3452 XI
1019 3401 1123 3466 (incipit
1139 3397 1189 3464 Μ,
1205 3400 1255 3452 de-

429 3472 493 3520 sinit
504 3472 531 3520 in
545 3469 558 3534 d
571 3473 584 3520 t
598 3484 625 3536 p.
642 3473 701 3531 tot,
716 3474 729 3518 8
743 3471 847 3532 libertis)

380 3541 445 3590 Poto.
459 3559 491 3582 =
505 3540 609 3589 Pithoei
621 3539 702 3589 editio
716 3553 740 3589 a.
757 3543 821 3588 t573
840 3539 943 3603 (incipit
956 3537 968 3602 d
981 3541 1004 3598 2)
1096 3593 1097 3596 Ἴ

317 3607 364 3657 uhi
378 3609 488 3658 Latinus
507 3611 534 3658 et
546 3609 665 3658 Graecus
682 3611 823 3658 contextus
841 3609 911 3656 inter
927 3621 956 3658 se
968 3607 1132 3672 discrepant,
1153 3607 1231 3656 illum
1244 3609 1315 3659 notis

323 3672 352 3722 Vl
365 3677 411 3726 uel
424 3672 461 3737 8¹,
476 3678 549 3727 hunc
562 3679 633 3728 notis
648 3675 683 3727 Vl!
693 3677 738 3726 uel
752 3675 785 3726 Si
798 3676 990 3726 indicauimus.

276 3794 650 3809 mlx,‘lxtwsuwwwauu.sm„t„m
657 3796 716 3808 ,ΙΨ-Λι-
726 3794 1001 3808 ΝκιααυαννννιΛΝακΛΛΙ
1010 3794 1345 3808 ΙΛΛν-κΝνκΛΛΝυνιΛΝᾺΛΛΙν
1353 3793 1357 3800 “

346 3865 362 3927 1]
383 3865 508 3916 Versuch
520 3865 589 3915 iiber
600 3865 754 3916 Dositheus.
775 3865 863 3915 Berlin
877 3867 952 3915 ⁴837.
969 3866 992 3911 t.

343 3931 362 4064 ἔξ
383 3934 502 4053 ῗοεοὶῑὴοί
509 3935 637 4054 gasaiwi
647 3935 948 3998 interpretamentomm
958 3929 1027 3982 liber
1036 3934 1140 3984 tertius.
1162 3935 1270 3984 Bonnae
1282 3939 1358 3984 isti.

343 4069 363 4131 ⁴)
383 4016 733 4133 Quae?nsad(1¹narginem
747 4071 791 4122 uel
804 4084 886 4136 supra
898 4082 1010 4120 uersum
1023 4069 1160 4134 adscripta
1172 4074 1245 4132 sunt,
1259 4073 1363 4137 quippe

274 4151 345 4201 quae
357 4139 392 4188 ad
404 4139 531 4202 scaligeri
546 4140 749 4190 emendationes
763 4140 885 4201 redeant,
900 4153 954 4190 non
967 4141 1254 4192 commemorauimus.
