3028 4830
350 643 415 722 *ls,
440 645 496 724 qui
512 645 558 706 rei
579 642 727 724 publioee
742 661 835 705 eausa
850 641 998 705 afuturus
1013 652 1099 720 erat,
1117 643 1145 703 si
1160 651 1351 721 procurato-

265 731 353 792 *rem
365 731 541 809 reliquerit,
558 749 617 810 per
632 749 727 809 quern
739 728 868 792 delendi
883 730 997 809 potuit,
1015 729 1048 789 in
1060 729 1221 807 integrum
1235 728 1351 788 uolens

265 816 408 878 *restitui
424 835 486 877 non
502 814 664 878 auditur*

623 1003 652 1086 [x
694 1023 732 1064 nn
753 1021 821 1064 4444
843 1001 987 1084 44444444]
1373 1016 1388 1060 e

353 1125 424 1186 Plus
435 1123 561 1205 petendo
576 1143 670 1186 eausa
685 1123 828 1185 cadimus
842 1132 897 1184 aut
912 1123 978 1183 loeo
993 1132 1048 1184 aut
1062 1141 1186 1183 summa
1197 1132 1253 1182 aut
1268 1132 1353 1183 tem-

266 1230 342 1292 pore
358 1220 413 1272 aut
427 1211 596 1290 qualitate:
614 1210 680 1270 loeo
695 1208 787 1288 alibi,
805 1227 928 1270 summa
942 1208 1033 1288 plus,
1052 1217 1195 1288 tempore
1210 1207 1353 1288 petendo

265 1306 496 1444 ppntpegempus,
519 1296 670 1376 qualitate
685 1295 828 1358 eiusdem
844 1295 891 1355 rei
906 1295 1044 1374 speeiem
1060 1293 1224 1355 meliorem
1239 1303 1354 1374 postu-

638 1551 678 1633 [11
721 1571 758 1612 nn
781 1549 972 1632 srrrsnrnno]

235 1674 243 1730 4
352 1672 505 1744 Quotiens
527 1673 688 1734 hereditas
709 1673 847 1752 petitur,
871 1669 1034 1732 satisdatio
1055 1671 1126 1732 iure
1147 1669 1354 1732 desideratur

268 1769 310 1838 et,
329 1759 355 1820 si
370 1760 447 1820 sutis
462 1777 525 1820 non
540 1757 651 1836 detur,
677 1759 710 1819 in
725 1758 894 1838 petitorem
909 1755 1070 1818 heredites
1090 1755 1297 1818 transfertur:
1322 1759 1352 1817 si

267 1845 384 1925 petitor
398 1843 551 1905 satisdare
566 1843 714 1922 noluerit,
733 1862 832 1923 penes
847 1861 1059 1932 possessorem
1075 1844 1231 1923 possessio
1247 1861 1353 1904 rema-

231 1929 374 1992 inebit:
401 1931 433 1990 in
453 1931 523 2010 pari
538 1930 623 1990 enim
638 1947 731 1990 causa
751 1929 853 2010 potior
869 1938 917 1989 est
932 1947 1102 2007 possessor.
1141 1929 1352 1990 VsuIructua-
1508 1986 1509 2006 ,

269 2017 336 2077 4444
350 2025 382 2076 44
397 2015 436 2077 de
456 2015 575 2077 utendo
589 2013 757 2076 usufructu
772 2013 925 2076 satisdare
941 2013 1037 2075 debet
1052 2013 1187 2094 perinde
1202 2033 1348 2092 usurum,
1374 2027 1407 2072 ts

268 2120 304 2162 ae
319 2101 346 2161 si
363 2101 431 2181 ipse
446 2108 537 2181 pater
551 2098 686 2162 familias
700 2109 856 2162 uteretur.
1509 2093 1510 2110 ¹

592 2287 644 2369 [ru
687 2307 724 2353 nn
746 2305 865 2349 rrnrcns
886 2289 1023 2367 44444444]
1111 2299 1113 2306 ·

234 2408 245 2466 4
356 2408 408 2484 lli,
435 2409 490 2487 qui
506 2407 583 2470 falsa
605 2409 813 2488 rescriptione
828 2409 877 2469 usi
900 2407 1038 2485 fuerint,
1064 2408 1133 2487 lege
1150 2409 1297 2470 Cornelia
1311 2409 1351 2470 de

166 2495 188 2556 2
208 2491 247 2574 (3)
270 2491 357 2554 falsis
371 2495 558 2573 puniuntur.
599 2495 659 2566 Qui
675 2492 788 2556 falsum
809 2495 956 2555 nesciens
972 2495 1135 2573 allegant,
1162 2493 1233 2555 felsi
1249 2513 1351 2575 poena

167 2580 186 2640 3
208 2577 247 2658 (l)
270 2597 333 2640 non
353 2588 494 2640 tenetur.
533 2581 567 2640 ln
590 2589 684 2660 eaput
699 2579 818 2641 domini
833 2581 1001 2659 patroniue
1023 2599 1083 2640 neo
1098 2599 1213 2642 seruus
1235 2599 1296 2642 nee
1311 2581 1351 2640 li·
1372 2592 1408 2638 44

168 2667 186 2726 4
209 2663 247 2746 (t)
269 2664 584 2746 bertus'interrogari
599 2674 712 2745 potest.
738 2667 950 2745 praegnantes
965 2668 1228 2746 nequetorqueri
1245 2684 1349 2744 neque

168 2750 247 2833 5(o)
269 2750 413 2812 damnari
439 2752 501 2813 nisi
526 2760 597 2831 post
618 2750 739 2813 editum
765 2761 891 2831 partum
917 2762 1060 2831 possunt.
1108 2751 1188 2824 *Qui
1212 2754 1351 2832 rescrip-

269 2889 443 2919 NJvavva

338 2973 1351 3038 44ε1444.4,4,4444144εο444444444445,44144,54444444·444444

271 3042 307 3104 tir
320 3041 410 3105 44444
423 3046 481 3104 444,
497 3043 521 3104 t)

1184 3161 1349 3174 ΛΙᾺΛΛΛΛΛΝΣΙ

339 3249 353 3295 44
372 3246 407 3297 44
423 3246 485 3312 plus
502 3246 619 3311 petendo
643 3247 791 3310 Witipotlri,
811 3247 846 3297 de
864 3259 897 3297 eo
915 3249 962 3310 qui
982 3260 1064 3297 eausa
1082 3247 1154 3304 cadit
1174 3245 1265 3298 Cone:
1284 3249 1351 3298 444444

270 3317 382 3366 aonides
399 3316 480 3365 uerbo
496 3315 559 3379 plus
576 3315 703 3380 petendo,
722 3328 788 3378 quoe
805 3320 866 3365 ente
884 3319 898 3364 6
913 3328 995 3366 eausa
1011 3317 1202 3378 4444444444,
1222 3330 1313 3366 errore
1324 3320 1351 3366 444

269 3385 403 3434 rubricam
420 3389 576 3434 conunutete
593 3397 647 3434 4444
679 3383 690 3447 ΙΙ
725 3384 821 3448 44444
832 3383 949 3448 petendo
962 3384 1104 3448 8444444444,
1119 3398 1168 3434 om.
1182 3387 1352 3435 4444444444

272 3452 348 3504 cen.
385 3451 396 3515 ΙΙ
431 3452 526 3517 44444
540 3491 547 3505 .
562 3489 569 3502 .
586 3452 750 3517 tempus]
771 3465 878 3506 summe
895 3454 923 3502 44
935 3453 1082 3518 repetendo
1095 3456 1217 3518 tempore
1227 3457 1290 3504 ante
1303 3468 1351 3518 pe-

269 3521 351 3572 tendo
366 3521 441 3572 Corte.
478 3521 489 3584 4
523 3521 731 3586 portenderint,
751 3522 897 3586 repetendo
910 3522 958 3572 444
980 3521 1005 3585 ,ll
1041 3523 1246 3588 treispeoiem
1261 3523 1348 3582 04444,

269 3591 388 3655 speeiem
406 3603 465 3640 rem
483 3589 519 3650 t,
545 3591 645 3655 speciei
663 3604 721 3640 rem
740 3591 783 3640 lll:
809 3590 842 3652 es.
863 3591 1044 3652 Interpretetr'o
1063 3591 1108 3640 uel
1127 3591 1268 3641 meliorem
1287 3605 1350 3656 spe-

268 3660 339 3710 ciem
352 3657 557 3722 quamdederet
584 3657 596 3722 ll
625 3661 656 3708 tr
670 3660 735 3709 satis
747 3659 929 3720 Ritterhurius,
943 3659 1081 3710 satisdatio
1093 3661 1191 3710 4444444
1220 3659 1232 3722 Ι
1260 3663 1351 3710 trans-

267 3725 411 3778 iereturlll
438 3726 449 3796 ll
480 3731 510 3777 tt
527 3727 679 3778 remanebit
692 3728 719 3790 4,
733 3728 903 3778 remansitdl
932 3727 944 3791 11
975 3732 1004 3778 tt
1023 3727 1155 3787 debetdl,
1169 3728 1313 3779 debebitL
1340 3726 1351 3795 ΙΙ

270 3798 300 3844 47
320 3795 448 3846 omnibus
461 3796 497 3854 44,
517 3797 602 3846 orel
641 3795 653 3860 ll
695 3800 726 3844 49
742 3797 990 3859 44444444444444
1009 3796 1032 3846 G
1050 3797 1271 3846 Parisieuaitttt
1290 3799 1351 3847 44444

264 3866 470 3924 praenuntietur
481 3866 559 3916 tore:
577 3865 761 3929 interpretatio
777 3865 897 3930 (interpr.
917 3879 966 3915 om.
983 3864 1014 3925 G]
1034 3866 1057 3915 is
1079 3865 1120 3927 (ex
1132 3865 1176 3916 his
1189 3865 1219 3928 G)
1240 3867 1288 3930 qui
1300 3879 1351 3916 an-

268 3930 358 3981 cillam
372 3935 524 3998 corruperit
534 3934 650 3985 alienam
663 3933 744 3984 aliam
765 3933 827 3996 (alia
839 3947 868 3983 re
882 3933 954 3996 Par.)
975 3933 1123 3984 reformare
1142 3934 1280 3997 cogendus
1298 3938 1348 3994 est,

267 4012 333 4061 44444
350 4013 431 4062 oeque
447 4003 524 4052 4444444
541 4003 589 4052 luet
606 4007 666 4052 44444
682 4016 729 4053 444
741 4003 818 4052 Pauli
828 4015 883 4052 4444
897 4007 1018 4064 possunt,
1037 4005 1083 4052 444
1101 4008 1148 4053 eut
1162 4005 1299 4066 preerunt
1316 4016 1350 4053 444

268 4069 478 4188 4444444ἷ4444444
495 4075 541 4120 out
558 4072 665 4121 44444444·
680 4073 747 4122 terit
764 4075 835 4132 444444,
854 4069 887 4131 es.
908 4072 1132 4134 Interpretatur,
1149 4076 1208 4131 444,
1223 4075 1281 4123 tet
1294 4072 1350 4122 444

290 4151 331 4187 om
377 4140 490 4201 urpund.
507 4141 548 4200 44,
562 4142 577 4186 4
