3066 4826
286 295 360 348 Paul.
377 297 409 358 V,
426 300 456 346 ts
666 330 751 340 -.
798 296 857 356 122
900 329 986 340 ,-

284 485 358 546 iisco
373 483 587 547 uindicantur.
634 483 718 564 quod
734 486 760 546 si
776 485 863 546 serui
878 487 1042 564 ignorante
1064 482 1190 545 domino
1207 483 1239 545 id
1255 482 1371 546 iecisse

284 569 446 649 dieantur,
471 571 532 650 ipsi
548 569 677 650 quidem
696 589 817 632 summo
840 570 994 650 supplicio
1009 569 1216 648 adficiuntur,
1240 569 1370 630 domino

284 665 390 718 tamen
407 656 486 717 nihil
502 655 657 734 aufertur,
682 659 757 737 quia
777 657 917 736 peiorem
939 656 1057 718 domini
1077 673 1203 718 causam
1218 658 1305 716 serui
1320 656 1370 716 ia-

229 743 264 804 ts
285 761 368 821 cere,
387 742 448 803 nisi
465 741 545 804 forte
560 743 680 822 scierit,
699 744 826 803 omnino
842 761 904 803 non
924 751 1067 823 possunt.
1115 739 1180 803 *Ex
1195 741 1245 803 his
1260 741 1365 821 bonis,

284 827 382 908 *quae
405 827 445 890 ad
468 828 579 890 fiscum
600 827 703 890 delata
726 838 817 907 sunt,
843 829 1052 890 instrumenta
1071 827 1125 890 uel
1147 827 1365 908 chirographa,
1387 839 1404 883 s

285 913 371 976 *acta
385 914 479 975 etiarn
494 913 534 976 ad
550 913 600 976 ius
614 916 811 995 priuatorum
830 915 1023 994 pertinentia
1037 914 1162 975 restitui
1177 915 1370 994 postulanti-

227 1002 264 1062 tt
283 997 362 1062 *bus'
383 1001 543 1062 conuenit.
589 1001 698 1080 Neque
719 1001 928 1062 instrumenta
949 1019 1056 1080 neque
1076 1009 1145 1062 acta
1167 1020 1186 1061 a
1206 1019 1368 1080 qucquam

227 1088 264 1147 ta
282 1084 456 1148 *aduersus
467 1086 578 1148 liscum
595 1085 647 1148 edi
662 1096 796 1166 oportet.
821 1087 891 1167 lpse
906 1096 1011 1149 autem
1026 1085 1121 1148 fiscus
1135 1094 1277 1148 actorum
1292 1105 1368 1148 suo-

282 1169 372 1234 *rum
388 1173 533 1252 exempla
554 1173 611 1233 hac
627 1171 809 1234 condicione
826 1171 909 1250 edit,
927 1182 963 1234 ut
979 1173 1024 1251 is,
1043 1173 1093 1234 cui
1109 1171 1317 1234 describendi
1332 1173 1368 1234 fit

283 1256 456 1338 *potestas,
482 1257 635 1320 aduersus
650 1278 684 1320 se
700 1260 753 1320 uel
768 1278 835 1320 rem
851 1259 1010 1339 publicam
1027 1259 1077 1320 his
1092 1259 1169 1319 actis
1184 1267 1363 1320 nectatur:
1387 1269 1419 1314 ⁴⁰

283 1343 341 1404 *de
358 1362 420 1423 quo
436 1364 548 1406 cauere
565 1345 774 1424 compellitur,
794 1353 841 1424 ut,
860 1346 887 1405 si
902 1363 979 1406 usus
996 1347 1022 1406 is
1038 1353 1143 1405 contra
1159 1343 1366 1406 interdictum

227 1433 264 1491 l6
283 1429 407 1508 *luerit
426 1449 519 1492 causa
536 1429 637 1492 cadat.
685 1432 836 1503 Quotiens
858 1429 944 1512 apud
959 1431 1068 1492 liscum
1083 1431 1205 1511 agitur,
1223 1441 1366 1492 actorum

282 1515 438 1596 *potestas
453 1515 642 1597 postulanda
654 1526 711 1594 est,
730 1526 765 1578 ut
780 1518 893 1578 merito
908 1517 958 1578 his
973 1519 1020 1578 uti
1033 1517 1135 1595 liceat,
1155 1535 1257 1596 eaque
1269 1535 1366 1578 manu

281 1601 591 1664 *commentariensis
611 1601 789 1664 adnotanda
805 1612 889 1664 sunt.
937 1602 1063 1683 quodsi
1087 1621 1123 1663 ea
1145 1603 1237 1664 aliter
1256 1601 1366 1682 proie-

225 1687 426 1764 truantur,
451 1690 550 1768 isqui
572 1690 613 1750 ita
636 1689 801 1769 protulerit
821 1707 915 1750 causa
930 1689 1025 1750 cadit.
1072 1689 1224 1760 Quotiens
1247 1691 1366 1750 iterum
1385 1699 1417 1745 ⁴⁵

281 1771 386 1854 *apud
401 1773 512 1836 fiscum
532 1773 643 1836 eadem
659 1793 752 1836 causa
767 1783 932 1852 tractatur,
952 1777 1093 1854 priorum
1108 1786 1265 1852 actorum,
1285 1793 1367 1854 qno-

280 1855 370 1922 *rum
387 1879 463 1922 usus
479 1879 542 1921 non
558 1860 661 1922 fuerat
672 1862 858 1941 postulatus,
877 1880 917 1922 ex
930 1860 1031 1921 officio
1048 1861 1189 1922 recitatio
1204 1861 1275 1922 iure
1290 1879 1367 1941 pos-

124 2013 130 2032 ,
225 1949 262 2008 ⁴8
280 1944 398 2008 *cetum
445 1946 505 2018 Qui
520 1965 577 2028 pro
593 1948 652 2008 alio
667 1965 685 2007 a
700 1946 773 2008 fisco
788 1957 962 2008 conuentus
978 1945 1121 2008 debiturn
1136 1947 1283 2025 exsoluit,
1301 1965 1366 2008 non

282 2029 410 2112 *inique
425 2032 562 2111 postulat
577 2036 831 2111 persecutionem
846 2031 1000 2094 bonorum
1017 2035 1086 2094 eins
1102 2052 1159 2113 pro
1175 2051 1237 2112 quo
1252 2033 1361 2095 soluit:

224 2120 261 2180 te
280 2117 331 2177 *in
348 2136 410 2198 quo
426 2120 521 2179 etiam
537 2116 681 2180 adiuuari
696 2138 754 2198 per
768 2116 905 2180 officium
921 2120 1009 2180 solet.
1049 2119 1223 2180 Fiscalibus
1238 2118 1366 2180 debito-
1384 2128 1414 2173 so

280 2201 389 2265 *ribus
402 2203 585 2284 petentibus
607 2204 646 2267 ad
663 2204 902 2284 comparandam
917 2207 1086 2286 pecuniam
1107 2204 1290 2266 dilationem
1305 2223 1366 2266 ne-

280 2287 365 2368 *gari
386 2308 450 2350 non
465 2289 594 2370 placuit.
642 2292 732 2352 cuius
752 2292 798 2352 rei
815 2292 989 2352 aestimatio
1012 2293 1054 2353 ita
1069 2289 1201 2352 arbitrio
1217 2289 1365 2352 iudican-

279 2373 339 2436 *tis
354 2375 556 2453 conceditur,
579 2387 616 2438 ut
631 2377 664 2437 in
680 2376 853 2438 maioribus
868 2379 1000 2438 summis
1014 2397 1077 2438 non
1098 2378 1172 2456 plus
1187 2395 1283 2456 quam
1297 2386 1365 2439 tres

279 2459 433 2540 *menses
453 2462 485 2521 in
501 2461 675 2524 minoribus
689 2481 765 2524 uero
780 2481 843 2524 non
858 2463 930 2542 plus
944 2481 1040 2543 quam
1055 2463 1117 2524 duo
1132 2473 1360 2544 prorogentur:

279 2545 476 2626 *prolixioris
496 2557 602 2609 autem
617 2551 768 2629 temporis
782 2551 919 2629 spatium
933 2549 975 2610 ab
996 2550 1185 2630 imperatore
1200 2550 1365 2629 postulan-
1382 2559 1412 2604 25

146 2654 150 2662 ·
221 2635 260 2696 20
278 2631 374 2694 *dum
391 2643 449 2694 est.
496 2633 530 2694 Si
551 2634 737 2714 principalis
752 2636 799 2696 rei
821 2635 903 2696 bona
925 2635 966 2698 ad
981 2635 1090 2697 fiscum
1112 2634 1263 2697 deuoluta
1284 2637 1360 2714 sint,

278 2717 500 2780 *fideiussores
520 2719 715 2782 liberantur:
746 2721 808 2782 nisi
830 2719 910 2782 forte
931 2723 1038 2783 minus
1060 2721 1166 2783 idonei
1189 2723 1253 2782 sint
1274 2731 1306 2782 et
1329 2725 1363 2781 in

221 2808 255 2867 il
278 2803 457 2885 *reliquum
472 2825 534 2866 non
550 2807 711 2868 exsolutae
726 2809 912 2886 quantitatis
926 2809 1127 2869 accesserint.
1157 2809 1191 2870 Si
1205 2808 1278 2888 plus
1293 2826 1364 2868 ser-

278 2890 405 2953 *uatum
418 2902 466 2953 est
481 2911 522 2952 ex
537 2891 628 2954 bonis
639 2891 794 2954 debitoris
807 2912 825 2954 a
841 2893 914 2954 fisco
928 2893 1097 2971 distractis
1116 2895 1187 2954 iure
1197 2913 1234 2954 ac
1247 2896 1362 2954 merito

219 2979 260 3042 22
278 2977 421 3040 *restitui
437 2979 625 3058 postulatur.
673 2978 852 3040 Conductor
871 2999 913 3040 ex
928 2978 1026 3040 fundo
1042 2980 1141 3042 fiscali
1160 2979 1241 3040 nihil
1254 2990 1362 3042 trans-
1379 2991 1409 3035 ao

277 3062 381 3125 *ferre
397 3073 501 3144 potest
520 3081 579 3126 nec
600 3067 742 3145 cupressi
762 3065 928 3127 materiam
942 3065 1086 3126 uendere
1107 3066 1159 3127 uel
1178 3065 1282 3128 oliuae
1296 3084 1360 3126 non

277 3149 476 3212 *substitutis
495 3151 567 3212 aliis
588 3161 772 3231 ceterasque
794 3150 925 3213 arbores
951 3149 1123 3231 pomiferas
1144 3151 1295 3214 caedere:
1329 3161 1361 3212 et

219 3237 258 3298 23
276 3234 376 3298 *iacta
391 3237 460 3297 eius
475 3237 521 3298 rei
542 3239 759 3300 aestimatione
775 3237 808 3297 in
829 3237 1043 3318 quadruplum
1058 3239 1255 3300 conuenitur.
1301 3239 1360 3298 lli-

277 3319 428 3383 *noribus
448 3323 564 3404 uiginti
585 3325 728 3404 quinque
750 3325 843 3386 annis
863 3342 969 3403 neque
991 3323 1110 3385 iundus
1131 3342 1236 3403 neque
1257 3325 1362 3386 uecti-

276 3407 377 3488 *galia
385 3407 518 3471 locanda
530 3419 615 3488 sunt,
633 3429 674 3471 ne
690 3408 847 3472 aduersus
858 3427 896 3472 ea
908 3408 1061 3470 beneficio
1073 3411 1187 3472 aetatis
1197 3409 1359 3471 utantur*
1376 3419 1405 3465 ³⁵

345 3577 354 3589 N
362 3577 386 3590 ΣΝ
395 3579 402 3590 x
409 3579 466 3591 ΧΛᾹΧ
473 3577 953 3593 xAAMtvvvvxmvavamaemmm
1314 3581 1356 3595 Μ’

347 3667 388 3726 «a,
404 3668 503 3718 ts—ss
517 3686 550 3710 =
563 3666 624 3730 my.
638 3669 681 3726 to,
698 3669 738 3726 u,
754 3669 796 3728 ts,
811 3669 893 3715 t-rr

281 3808 284 3812 ·
297 3807 301 3814 ι
312 3801 990 3817 uvvvxmmmwvwvvuvwmvwwmvvuvw
1322 3803 1355 3818 W

347 3909 377 3954 tu
396 3919 430 3956 ne
443 3907 594 3967 Mommsen,
606 3919 657 3957 on.
672 3906 696 3956 F
729 3905 742 3970 Ι
781 3909 813 3956 2?
832 3909 923 3958 mnus
935 3906 1026 3956 idonei
1039 3909 1095 3956 sint
1105 3906 1141 3970 et]
1154 3910 1247 3958 miuus
1258 3908 1356 3958 idoneo

277 3973 418 4024 Mommsen
445 3977 457 4038 1!
486 3980 518 4025 33
537 3974 748 4035 elusatium
