3066 4826
543 371 629 383 —-
674 336 734 398 103
778 370 862 382 --
1022 335 1096 387 Paul.
1110 335 1155 397 lv,
1171 339 1195 386 9.
1212 339 1243 384 40

160 545 230 588 sum
253 525 377 606 aliquid
398 536 453 588 aut
475 524 687 607 prodigiosum
708 527 801 588 enixa
824 525 881 604 sit,
911 525 990 586 nihil
1010 525 1151 606 prolicit:
1180 543 1243 586 non

160 621 235 674 sunt
251 613 336 696 enim
351 611 455 686 liberi,
475 613 530 693 qui
546 612 795 674 contralormam
811 612 940 673 humani
953 613 1080 691 generis
1095 627 1244 673 conuerso

123 699 140 756 l
160 717 249 760 more
273 707 492 778 procreantur.
540 699 681 778 Partum,
711 699 767 778 qui
793 696 1009 758 membrorum
1033 698 1243 759 humanorum

160 783 264 846 officia
279 783 465 864 duplicauit,
484 785 559 864 quia
578 785 637 846 hoc
651 785 772 846 ratione
787 785 986 864 aliquatenus
1000 783 1130 844 uidetur
1147 783 1244 844 effec-

122 869 140 928 5
159 879 246 949 tum,
271 872 364 932 matri
385 869 535 951 prodesse
556 870 685 951 placuit.
740 871 881 951 Septimo
902 888 1011 931 mense
1034 878 1127 932 natus
1151 869 1277 930 matria

159 955 308 1037 prodest:
333 957 412 1019 ratio
435 957 520 1018 enim
536 956 742 1038 Pythagoraet‘
754 956 880 1018 numeri
903 956 962 1018 hoo
982 953 1113 1016 uidetur
1127 952 1244 1016 admit-

160 1053 240 1120 tere,
259 1051 294 1103 ut
309 1052 363 1105 aut
378 1043 511 1122 septimo
527 1043 621 1122 pleno
636 1051 691 1104 aut
705 1040 829 1104 decimo
843 1060 953 1104 mense
968 1050 1077 1120 partus
1092 1041 1245 1101 maturior

123 1127 322 1190 6uideatur.
368 1125 508 1190 aborsus
528 1137 560 1196 et
586 1127 717 1192 abactus
742 1138 857 1191 uenter
878 1135 1003 1208 partum
1026 1125 1154 1188 efficere
1179 1143 1243 1186 non

12 1259 13 1300 ,
123 1211 141 1274 7
160 1214 301 1276 uidetur.
349 1213 509 1276 Libertina
524 1223 560 1276 ut
575 1214 624 1276 ius
639 1213 814 1277 liberorum
829 1215 980 1294 consequi
995 1213 1110 1294 possit,
1131 1220 1244 1292 quater

12 1305 14 1368 Γ
124 1301 140 1358 8
161 1320 232 1362 eam
246 1302 410 1381 peperisse
424 1308 460 1362 ut
475 1301 645 1380 ingenuam
660 1299 787 1362 sufficit.
823 1301 933 1362 Latina
947 1301 1084 1379 ingenua
1100 1299 1149 1360 ius
1165 1295 1244 1370 Qui·
1263 1308 1296 1354 44

159 1387 272 1464 ritium
293 1395 460 1449 consecuta
481 1387 509 1448 si
531 1395 581 1448 ter
595 1387 739 1467 peperit,
763 1385 805 1448 ad
818 1385 991 1466 legitimam
1011 1383 1068 1445 lilii
1082 1381 1245 1446 heredita-

125 1473 141 1530 9
158 1483 224 1534 tem
241 1471 433 1535 admittitur:
452 1491 515 1534 non
531 1481 579 1536 est
594 1473 679 1534 enim
694 1473 898 1534 manumissa.
923 1473 975 1532 Ius
989 1469 1162 1532 liberorum
1177 1487 1245 1531 ma-

158 1569 211 1620 ter
231 1557 343 1640 habet,
373 1577 453 1639 quae
475 1567 542 1620 tres
564 1558 644 1619 lilios
664 1568 718 1620 aut
740 1557 837 1620 habet
858 1568 911 1620 aut
931 1556 1043 1618 habuit
1064 1564 1118 1619 aut
1138 1574 1243 1636 neque

158 1644 255 1708 habet
270 1663 374 1726 neque
390 1643 511 1706 hahuit.
540 1643 647 1717 habet,
665 1645 717 1706 cui
731 1652 920 1724 supersunt:
939 1642 1051 1704 habuit
1066 1641 1153 1722 quae
1164 1641 1244 1704 ami-

159 1732 219 1792 sit:
244 1749 350 1810 neque
365 1730 460 1792 habet
475 1749 579 1810 neque
595 1729 725 1810 habuit,
750 1749 831 1811 quae
847 1729 1003 1792 beneficio
1025 1726 1179 1809 principis
1193 1727 1243 1788 ius
1263 1738 1293 1784 44

105 1815 138 1874 40
159 1815 335 1878 liberorum
358 1827 524 1879 consecuta
545 1825 603 1878 est.
650 1816 767 1878 *Mater
786 1836 845 1897 per
865 1815 993 1878 fratrem
1016 1813 1196 1876 excluditur
1212 1823 1244 1874 et

158 1901 211 1964 *in
228 1903 427 1965 successione
441 1902 539 1964 irater
554 1921 625 1964 eum
641 1922 745 1965 sorore
761 1921 864 1983 aequa
878 1911 961 1964 sorte
977 1898 1130 1963 succedit.
1159 1896 1245 1980 quod

158 1987 205 2050 *si
221 1989 318 2050 frater
333 1986 488 2068 deluerit,
507 1997 607 2051 mater
623 1998 653 2050 et
669 1989 769 2069 filiae,
789 1997 925 2069 quantae
940 1985 1078 2066 luerint,
1096 1985 1246 2065 aequales

159 2075 308 2155 *capiunt
321 2073 513 2155 portiones*
796 2100 799 2106 ·

304 2176 312 2204 Ι

683 2295 721 2379 tx]
1263 2303 1294 2350 20

122 2418 134 2476 4
246 2417 334 2479 *Filii
355 2417 451 2498 uulgo
478 2417 614 2497 quaesiti
635 2413 676 2479 ad
697 2417 870 2498 legitimam
895 2416 1007 2478 matris
1035 2411 1244 2478 hereditatem

159 2503 340 2585 *adspirare
355 2523 419 2566 non
433 2501 656 2585 prohibentur,
675 2503 751 2582 quia
765 2503 833 2584 pari
849 2503 937 2581 iure,
954 2509 989 2564 ut
1003 2501 1141 2582 ipsorum
1157 2497 1245 2561 ltere-

122 2591 288 2654 2*ditotes
310 2588 483 2668 matribus,
507 2591 551 2651 ita
566 2590 644 2669 ipsis
666 2597 802 2650 matrum
818 2586 936 2650 deferri
958 2585 1149 2649 debuerunt.
1195 2583 1245 2646 Ad

161 2676 276 2739 *filiam
300 2675 446 2738 ancillam
466 2675 520 2738 uel
541 2673 689 2736 libertam
706 2694 746 2736 ex
767 2683 894 2736 senatus
917 2673 1057 2735 consulto
1073 2669 1243 2733 Claudiano

160 2762 322 2825 *effectam
343 2761 485 2844 legitima
500 2762 610 2823 matris
626 2761 792 2822 intestatae
815 2758 975 2821 hereditas
996 2760 1158 2839 pertinere
1181 2775 1244 2817 non
1264 2765 1294 2812 44

160 2849 298 2930 *potest‚
325 2849 400 2928 quia
421 2867 527 2928 neque
542 2847 627 2910 serui
643 2865 747 2926 neque
762 2844 869 2906 liberti
889 2853 1023 2906 matrem
1045 2843 1170 2904 ciuilem
1186 2841 1244 2902 ha-

122 2935 140 2993 3
161 2935 257 2998 *bere
279 2933 518 3013 intelleguntur.
563 2932 612 2994 Ad
633 2931 805 3011 legitimam
831 2931 998 2992 intestatae
1020 2929 1129 2990 matris
1150 2927 1244 2988 here-

159 3019 309 3083 *ditatem
331 3020 388 3081 lilii
410 3021 497 3082 ciues
517 3019 666 3097 Romani,
696 3036 759 3078 non
781 3017 876 3078 etiam
897 3016 997 3076 Latini
1020 3013 1242 3076 admittuntur.

160 3106 266 3170 *ciues
288 3115 393 3168 autem
408 3107 562 3168 Romanos
586 3123 620 3166 eo
636 3113 778 3185 tempore
802 3121 870 3164 esse
886 3109 1025 3182 oportet,
1049 3119 1111 3180 quo
1127 3099 1172 3160 eis
1187 3096 1246 3160 de-

159 3295 210 3309 ΛΛΛ

232 3403 257 3460 0,
273 3401 297 3448 t.
313 3400 325 3446 4
341 3417 372 3440 =
386 3397 445 3460 Dip.
462 3401 486 3456 4,
500 3399 525 3458 t,
542 3397 572 3444 44
614 3394 625 3458 11
667 3399 692 3457 0,
709 3397 738 3444 40
759 3413 791 3437 =
810 3395 866 3444 444
884 3395 955 3444 Rom.
970 3393 1106 3456 Burpuad.
1121 3393 1163 3452 28,
1178 3393 1202 3442 0.
1218 3393 1244 3452 0,

162 3481 228 3530 poue
246 3472 332 3517 4444444
349 3479 400 3515 uon
417 3469 475 3527 ipso
493 3465 570 3515 Pauli
586 3464 684 3524 uerba,
703 3465 748 3514 444
765 3467 948 3528 argumentum
964 3463 1106 3512 4444444444
1121 3459 1202 3523 refert
1235 3456 1246 3522 ll

163 3541 205 3598 40,
221 3539 286 3584 t-—a
300 3555 331 3578 =
344 3535 479 3596 4444444444
493 3537 517 3595 4,
532 3536 631 3582 47-40

234 3809 368 3864 thoolf,
382 3808 465 3858 hecL
499 3805 510 3870 ΙΙ
546 3807 852 3872 epythagoraecoutces
886 3803 898 3867 11
933 3801 1101 3864 elibertina]
1118 3800 1251 3850 libertina.

162 3879 259 3930 Latina
271 3878 388 3928 Huschke
416 3876 428 3940 ΙΙ
458 3880 489 3925 40
501 3878 533 3925 44
543 3876 689 3940 ingenuam
701 3875 749 3924 444.
765 3873 885 3924 Calamus
908 3873 919 3936 ΙΙ
942 3871 1042 3922 sulflcit
1053 3873 1125 3929 dett,
1139 3867 1246 3920 suffecit

163 3949 202 4008 44,
215 3945 363 3998 4444444444
386 3945 397 4010 l
425 3949 455 3994 44
470 3945 621 3995 succedunt
632 3945 730 3994 44444444
740 3943 817 4005 tepea
829 3943 900 3992 Rom.
916 3941 998 4004 Bury.
1028 3939 1040 4002 4
1070 3939 1248 3988 condrecort

163 4017 198 4067 de
210 4017 399 4066 intestatorum
410 4013 607 4065 hereditatibus
627 4013 666 4075 (ιν-
680 4014 719 4062 to.
733 4012 757 4074 4)
778 4013 843 4061 44444
851 4010 1002 4072 appendic:
1023 4007 1144 4059 0444444444
1155 4007 1245 4057 444444·-

163 4097 222 4135 eom
233 4084 268 4135 ad
280 4082 557 4136 senatusconsultum
569 4081 729 4132 Orfitianum
741 4081 860 4130 restituit
887 4078 898 4142 ΙΙ
929 4081 961 4128 m
972 4081 1003 4128 ut
1018 4077 1148 4138 0444444444,
1162 4077 1190 4126 44
1202 4075 1249 4126 nel

162 4154 192 4204 hi
203 4155 234 4204 ut
245 4155 343 4204 codices
371 4151 383 4215 14
410 4151 574 4202 hereditates
586 4163 636 4202 om.
651 4151 748 4200 codices
