3066 4826
285 321 477 382 Paul.v,2.8
666 353 750 366 —
797 321 857 382 110
902 355 986 366 ..-

285 509 417 571 absente
439 519 546 571 autem
560 508 687 572 domino
702 518 880 589 comparata
895 527 958 570 non
973 510 1067 570 aliter
1081 510 1129 585 oi,
1148 527 1244 588 quam
1259 510 1287 569 si
1303 517 1370 568 rata

245 594 266 653 3
285 599 338 674 sit,
356 597 532 675 quaeritur.
557 596 654 675 Longi
668 605 774 658 autem
789 597 941 676 temporis
952 596 1158 676 praescriptio
1173 595 1258 654 inter
1272 612 1370 674 prae-

285 691 392 743 sentes
407 682 547 742 continui
562 680 710 743 decennii
725 682 842 761 spatio,
860 683 946 743 inter
960 680 1108 742 absentes
1123 681 1265 742 uicennii
1280 699 1368 740 com-

246 766 267 825 i
285 767 507 848 prehenditur.
552 768 671 847 Viginti
690 785 845 828 annornm
865 768 1071 848 praescriptio
1094 767 1189 828 etiam
1208 765 1368 827 aduersus

287 872 354 915 rem
368 852 530 933 publicam
544 851 673 933 prodest
688 855 728 931 ei,
747 855 803 932 qni
815 853 934 916 iustum
949 854 1077 916 initium
1088 852 1296 933 possessionis
1311 852 1370 912 ha·
1389 865 1405 910 5

285 938 358 1000 buit
371 957 430 1000 nec
444 937 549 1000 medio
564 946 705 1020 tempore
721 939 941 1018 interpellatus
956 949 1016 1000 est.
1040 941 1121 1000 actio
1135 947 1240 1000 tamen
1257 939 1370 1018 quanti

287 1027 357 1086 eius
371 1025 505 1086 interest
525 1023 681 1086 aduersus
697 1043 751 1086 cos
766 1023 975 1105 reipublicae
991 1023 1100 1104 datur,
1119 1026 1174 1104 qui
1191 1043 1228 1085 ea
1244 1025 1370 1104 negotia

246 1108 267 1166 5
286 1109 462 1172 defendere
476 1111 696 1190 neglexerunt.
732 1112 766 1174 Si
781 1121 853 1191 post
867 1120 982 1172 motam
998 1113 1082 1172 intra
1097 1120 1239 1191 tempora
1254 1128 1373 1190 quaes-

285 1199 406 1258 tionem
428 1215 479 1258 rcs
500 1195 542 1258 ad
563 1215 680 1258 nouum
703 1193 865 1258 dominum
884 1198 1043 1277 emptione
1058 1197 1237 1274 transierit,
1261 1214 1322 1256 nec
1344 1197 1372 1256 is

286 1302 345 1363 per
365 1283 479 1362 uiginti
501 1300 600 1344 annos
622 1281 718 1344 luerit
739 1284 950 1364 inquietatus,
976 1283 1072 1344 auelli
1087 1284 1116 1344 ei
1138 1283 1372 1364 possessionem
1393 1293 1425 1338 to

286 1387 350 1430 non
365 1378 498 1449 oportet.
1000 1383 1007 1400 “

518 1556 562 1635 [ur
605 1575 642 1616 on
665 1576 712 1618 ars
735 1575 809 1631 oran
832 1575 885 1618 rra
906 1575 1021 1618 rinnau
1043 1557 1139 1635 rrrnr]

237 1657 263 1733 'l
373 1677 408 1737 ln
424 1695 487 1756 eos,
507 1677 562 1756 qui
578 1695 637 1757 per
651 1676 776 1738 turbam
788 1671 1020 1738 seditione'mue
1035 1675 1186 1738 damnum
1202 1677 1298 1740 alicui
1315 1676 1375 1738 de-

287 1761 394 1824 derint
415 1759 597 1826 dandumue
619 1764 819 1840 curauerint,
845 1765 872 1823 si
887 1761 1019 1842 quidem
1034 1781 1087 1824 res
1108 1765 1293 1842 pecuniaria
1309 1773 1368 1841 est,

286 1850 502 1910 aestimatione
523 1847 613 1929 dupli
628 1849 779 1910 sarcitur:
805 1848 891 1928 quod
905 1850 932 1909 si
948 1868 988 1910 ex
1009 1849 1067 1910 hoc
1081 1850 1202 1928 corpori
1222 1849 1370 1926 alicuius,
1394 1861 1425 1905 ts

247 1933 269 1994 2
287 1936 373 1997 uitae
390 1933 583 1996 membrisue
598 1944 759 2014 noceatur,
779 1944 869 1995 extra
891 1933 1037 1996 ordinem
1052 1933 1242 1997 uindicatur.
1269 1934 1375 2007 Quid-

288 2019 422 2100 quidex
438 2020 583 2081 incendio
599 2021 692 2082 ruina
713 2020 877 2100 naufragio
893 2021 1033 2100 uanique
1050 2030 1230 2100 expugnata
1245 2031 1374 2101 raptum

288 2115 470 2187 susceptum
492 2124 743 2186 suppressumue
766 2108 845 2186 erit,
871 2125 907 2167 eo
923 2125 1005 2167 anno
1021 2107 1054 2166 in
1071 2106 1284 2187 quadruplum
1302 2109 1374 2168 eius

289 2193 352 2269 rei,
372 2197 467 2270 quain
489 2193 561 2271 quis
576 2193 791 2273 suppresserit
811 2192 963 2253 celauerit
983 2193 1140 2272 rapuerit,
1167 2193 1371 2270 conuenitur,

248 2276 268 2334 3
288 2286 395 2357 postea
411 2277 445 2338 in
460 2277 621 2358 simplum.
668 2279 705 2338 Hi
728 2279 784 2358 qui
800 2277 895 2339 aedes
911 2279 1030 2340 alienas
1049 2279 1182 2340 uillasue
1206 2279 1374 2359 expilaue-
1393 2290 1423 2334 ao

288 2363 353 2424 rint
368 2363 551 2444 effregerint
566 2365 836 2444 expugnauerint,
862 2365 890 2424 si
906 2361 1035 2444 quidem
1052 2363 1085 2426 id
1104 2363 1199 2425 turba
1213 2383 1285 2426 cum
1300 2365 1375 2426 telis

289 2458 393 2510 coacta
415 2449 564 2528 iecerint,
589 2450 691 2530 capite
713 2450 901 2530 puniuntur.
947 2450 1082 2512 telorum
1104 2460 1209 2512 autem
1229 2451 1374 2531 appella·
1411 2445 1414 2451 ’

288 2536 373 2596 tione
396 2535 517 2612 omnia,
549 2533 722 2614 exquibus
744 2535 838 2597 saluti
860 2535 997 2597 hominis
1018 2537 1125 2598 noceri
1148 2537 1265 2616 possit,
1288 2538 1375 2597 acci-

250 2619 430 2702 lpiuntur.
477 2621 665 2701 Receptores
680 2619 900 2702 adgressorum
915 2622 1056 2702 itemque
1077 2622 1236 2684 latronum
1259 2621 1373 2683 eadem

289 2725 389 2788 poena
405 2705 606 2786 adficiuntur,
626 2709 765 2788 quaipsi
781 2706 936 2768 latron'es:
959 2707 1093 2769 sublatis
1109 2709 1192 2769 enim
1208 2717 1375 2788 suscepto·
1394 2721 1425 2765 as

249 2791 270 2850 5
290 2792 379 2855 ribus
391 2795 602 2873 grassantium
614 2791 729 2873 cupido
741 2793 946 2873 conquiescit.
970 2795 1068 2856 Fures
1079 2795 1133 2856 uel
1148 2803 1291 2874 raptores
1303 2793 1376 2854 hal·
1455 2824 1461 2832 »

289 2897 421 2940 nearum
436 2879 625 2959 plerumque
646 2881 679 2940 in
695 2879 855 2942 metallum
878 2880 979 2940 autin
995 2899 1074 2960 opus
1095 2879 1259 2960 publicum
1282 2879 1376 2941 dam-

290 2973 421 3026 nantur:
454 2983 527 3026 nam
549 2983 787 3045 nonnumquam
807 2984 864 3044 pro
886 2963 1065 3045 frequentia
1085 2965 1294 3027 admissorum
1323 2966 1375 3027 iu-

251 3050 424 3112 ddicantis
453 3052 611 3113 sententia
640 3059 847 3132 temperatur.
906 3050 1111 3130 lnoendiarii,
1145 3053 1201 3132 qui
1231 3052 1376 3113 consulto

291 3235 1179 3252 vwmmuwwvxmwwvvvmmwmmxnmwmwvvvvmmmmw
1184 3235 1212 3250 W
1218 3236 1243 3250 νυ
1248 3237 1375 3251 §Nm

361 3323 590 3387 aa--ntpts
607 3327 631 3384 o,
648 3327 674 3372 rt
689 3320 784 3386 patr

961 3459 1372 3473 mmmmm

361 3583 370 3626 t
394 3593 476 3643 quam
489 3581 512 3630 si
524 3581 548 3630 ei
560 3579 671 3642 fortasse
683 3591 734 3628 scr.
766 3578 777 3642 11
806 3582 863 3630 rata
876 3580 912 3640 Μ,
933 3581 1040 3642 grataL
1070 3578 1081 3642 ΙΙ
1110 3581 1286 3643 tquacritur
1297 3582 1372 3640 dett,

289 3661 421 3710 quaerere
433 3649 463 3709 t,
478 3650 600 3698 inaerere
613 3649 640 3697 M
669 3647 680 3710 ΙΙ
710 3649 861 3713 aspetium
875 3648 923 3698 ML
953 3648 963 3711 ΙΙ
994 3647 1133 3711 tuiginti]
1151 3648 1246 3698 decem
1259 3650 1302 3698 uel
1318 3651 1373 3713 uig.

292 3717 409 3767 Huschke
433 3717 443 3779 ΙΙ
474 3717 742 3782 5prodesseeodtccs
771 3715 781 3780 ΙΙ
812 3718 863 3767 ais
876 3717 912 3779 Μ,
928 3717 1017 3780 ipseL
1047 3717 1058 3779 ΙΙ
1089 3718 1119 3765 tt
1133 3715 1374 3778 dandumuedett.,

291 3785 423 3836 damnum
437 3787 473 3846 Μ,
487 3786 649 3836 iniuriamne
663 3782 707 3846 Lb,
721 3785 966 3836 iniuriamueuela
1012 3785 1022 3848 ΙΙ
1071 3789 1102 3834 to
1121 3785 1287 3836 membrisue
1299 3789 1373 3845 dett,

292 3853 476 3918 membrisque
489 3855 537 3904 ML
577 3854 588 3917 11
629 3857 660 3902 2⁰
679 3857 774 3918 postea
786 3855 816 3916 L,
829 3855 923 3919 postea
935 3853 1045 3904 uerold
1077 3853 1088 3918 ΙΙ
1123 3855 1224 3904 alienas
1238 3855 1310 3918 Dtp„
1324 3855 1375 3905 ali-

290 3935 360 3986 quas
373 3923 431 3982 ut,
451 3923 671 3986 aliquasalienas
684 3925 744 3973 dett.
792 3922 803 3986 ΙΙ
849 3923 983 3986 uillesque
995 3924 1103 3983 codices,
1124 3926 1170 3972 aut
1181 3923 1261 3973 uillas
1274 3924 1334 3987 Diq.
1367 3923 1376 3986 ll

291 3993 321 4038 at
345 3992 368 4040 si
380 3991 447 4054 quid
459 3993 486 4041 in
500 3991 579 4042 turba
592 4005 656 4040 cum
668 3992 729 4041 telis
741 3990 856 4041 iecerint
865 3992 925 4054 Βία.
956 3989 967 4054 ΙΙ
998 3995 1028 4040 2³
1048 3991 1128 4041 saluti
1141 3992 1168 4042 h.
1182 3993 1276 4042 noceri
1288 3994 1376 4056 possit

295 4060 403 4120 (nocere
420 4063 535 4124 possunt
553 4060 581 4120 L)
603 4060 668 4120 Mt,
693 4060 791 4122 singuli
810 4061 935 4110 homines
953 4061 1046 4110 noceri
1074 4060 1181 4122 (nocere
1201 4060 1230 4122 F)
1259 4065 1381 4125 possunt*

294 4129 353 4191 Dip.
384 4127 395 4190 ΙΙ
422 4131 453 4175 28
474 4141 536 4177 nam
551 4129 586 4189 M,
600 4129 685 4177 cml
