3028 4830
231 748 243 806 l
354 745 492 806 *Iniuria
514 745 541 806 si
563 744 694 826 quidem
715 755 804 808 atrox
831 743 875 826 (id
898 755 946 806 est
968 741 1085 825 grauis)
1111 752 1255 820 nonest,
1284 761 1347 803 non

268 830 357 892 *sine
379 829 495 892 iudicis
516 831 647 892 arbitrio
669 832 865 893 aestimatur·
898 840 1036 892 atrocem
1057 839 1162 891 autem
1181 830 1347 890 aestimare

268 917 389 979 *solere
405 926 601 997 praetorem:
628 915 725 997 idque
747 917 851 996 colligi
874 935 914 978 ex
929 915 1023 995 lacto,
1047 926 1082 978 ut
1097 924 1173 996 puta
1189 916 1216 976 si
1231 913 1348 978 uerbe-

269 1002 375 1064 *ratus
389 1003 442 1064 uel
457 1003 643 1064 uulneratus
659 1005 731 1084 quis
747 1001 878 1064 luerit*
1370 1013 1385 1057 5

234 1177 245 1234 l
355 1172 540 1235 *Actionum
556 1191 674 1254 genera
689 1183 763 1236 sunt
778 1174 857 1252 duc,
882 1175 916 1235 in
932 1193 1015 1252 rem,
1041 1191 1123 1254 quae
1144 1172 1261 1235 dicitur
1275 1173 1350 1234 uin-

232 1263 251 1324 2
270 1259 421 1338 *dicatio‚
441 1268 472 1320 et
487 1260 520 1319 in
534 1277 719 1340 personam,
744 1278 825 1340 quae
841 1258 996 1322 condictio
1011 1259 1199 1340 appellatur.
1231 1260 1267 1320 ln
1282 1277 1348 1319 rem

270 1344 369 1407 *actio
385 1354 450 1422 est,
474 1363 645 1425 perquam
661 1363 728 1406 rem
743 1355 896 1424 nostram,
922 1365 1005 1427 quae
1026 1345 1066 1406 ab
1081 1345 1140 1406 alic
1155 1343 1346 1426 possidetur,

233 1434 251 1492 3
271 1430 446 1512 *petimus:
466 1439 498 1492 et
513 1449 640 1512 semper
654 1429 810 1494 aduersus
825 1451 898 1494 eum
914 1442 962 1494 est
978 1432 1034 1512 qui
1049 1451 1116 1494 rem
1130 1429 1282 1511 possidet.
1314 1430 1349 1489 ln

271 1515 458 1597 *personam
478 1517 560 1578 actio
582 1525 646 1596 est,
673 1535 736 1596 qua
758 1537 830 1579 cum
846 1537 882 1580 eo
898 1519 1036 1597 agimus,
1060 1517 1115 1597 qui
1131 1516 1288 1596 obligatus
1303 1524 1350 1576 est
1371 1525 1402 1570 to

271 1601 382 1665 *nobis
396 1602 438 1664 ad
452 1601 632 1664 laciendum
647 1603 768 1682 aliquid
783 1605 837 1667 uel
853 1603 1010 1666 dandum:
1036 1612 1067 1664 et
1087 1621 1214 1684 semper
1235 1601 1351 1664 aduer-

235 1687 344 1754 l*sus
370 1688 509 1752 eundem
534 1690 637 1751 locum
663 1688 766 1750 habet.
807 1688 973 1752 Acticnum
999 1700 1105 1751 autem
1132 1686 1288 1769 quaedam
1312 1706 1351 1748 ex
1456 1719 1458 1724 ,

233 1776 251 1834 5
271 1773 460 1854 *contractm
481 1773 637 1855 quaedam
653 1793 693 1834 ex
708 1773 799 1854 lacto,
824 1775 983 1856 quaedam
998 1777 1031 1836 in
1047 1773 1163 1836 lactum
1178 1783 1264 1836 sunt.
1304 1774 1351 1834 Ex

271 1860 454 1925 *contractu
468 1861 549 1922 actio
564 1870 623 1939 est,
642 1861 788 1940 quotiens
804 1863 877 1940 quis
892 1863 941 1923 sui
957 1862 1038 1923 lucri
1053 1880 1146 1923 causa
1161 1879 1233 1922 cum
1245 1860 1350 1940 aliquo

271 1946 463 2026 *contrahit,
487 1947 590 2008 ueluti
609 1945 743 2008 emendo
764 1946 934 2010 uendendc
950 1946 1080 2008 locando
1098 1944 1305 2008 conducendo
1321 1954 1350 2005 et
1370 1955 1402 2001 ts

148 2091 152 2102 f
234 2033 252 2091 6
271 2032 404 2094 *ceteris
420 2030 589 2093 similibus.
623 2033 671 2092 Ex
692 2031 771 2094 facto
792 2035 872 2094 actio
892 2043 956 2112 est,
981 2033 1126 2114 quotiens
1142 2052 1181 2093 ex
1197 2051 1233 2093 eo
1248 2031 1350 2093 teneri

272 2117 364 2198 *quis
378 2119 508 2198 incipit,
532 2116 617 2198 quod
633 2119 701 2198 ipse
718 2117 861 2198 admisit,
884 2120 984 2181 ueluti
1000 2119 1118 2180 lurtum
1133 2119 1187 2180 uel
1202 2119 1349 2180 iniuriam

234 2201 253 2263 7
272 2202 445 2264 *commisit
460 2203 513 2264 uel
528 2202 679 2265 damnum
695 2203 794 2266 dedit.
833 2206 868 2265 ln
885 2204 1001 2268 lactum
1015 2205 1095 2266 actio
1111 2203 1244 2280 dicitur,
1272 2222 1351 2283 qua-

272 2288 330 2350 *lis
351 2298 399 2352 est
412 2290 558 2369 exempli
580 2290 679 2368 gratia
701 2292 799 2369 actio,
825 2309 907 2370 quae
931 2290 1026 2353 datur
1044 2299 1174 2372 patrono
1197 2288 1350 2351 aduersus

272 2373 451 2450 *libertum
471 2394 488 2435 a
504 2394 566 2455 quo
582 2385 688 2437 contra
704 2374 843 2438 edictum
858 2377 1013 2456 praetoris
1029 2379 1062 2437 in
1077 2378 1127 2438 ius
1142 2385 1273 2437 uocatus
1290 2384 1345 2436 est.
1367 2382 1399 2427 2⁰

234 2460 253 2519 8
272 2459 410 2538 *Omnes
425 2469 530 2522 autem
546 2463 683 2524 actiones
698 2471 752 2523 aut
767 2463 879 2524 ciuiles
897 2461 1048 2525 dicuntur
1063 2471 1118 2524 aut
1133 2458 1350 2524 honorariae.*

342 2738 414 2784 t—tt
434 2747 469 2784 cc
483 2733 545 2784 Call.
560 2737 805 2798 &impleamus
834 2736 845 2798 ΙΙ
874 2738 999 2800 agranis
1018 2750 1073 2787 non
1091 2739 1133 2786 est
1144 2699 1237 2796 scripsi
1248 2739 1351 2784 secutus

271 2802 429 2853 Huschkicm
450 2805 496 2866 (gr.
511 2805 632 2866 nonsit),
653 2806 743 2868 grauis
761 2807 803 2856 est
818 2805 904 2856 dotto
920 2805 1008 2865 eous,
1028 2806 1102 2869 graui
1120 2817 1213 2854 rerum
1234 2803 1314 2854 Coit}¹
1341 2799 1351 2866 ΙΙ

268 2871 499 3002 hafflingem
514 2871 617 2936 colligit
632 2873 720 2936 Colla,
735 2874 843 2937 collegit
857 2873 943 2924 Coll.w
967 2875 978 2938 ΙΙ
1004 2878 1083 2923 6-24
1100 2887 1134 2924 cx
1147 2873 1205 2936 Dic.
1220 2877 1263 2932 u,
1277 2874 1304 2933 ⁷,
1318 2876 1350 2923 25
