3066 4826
293 374 369 425 Paul.
384 375 430 436 ili,
444 376 511 424 5-6
684 405 771 418 ..-
815 371 856 434 86
899 405 986 417 -.

294 570 356 624 tem
374 559 517 624 defuncti
532 560 667 640 iaciunt,
694 570 730 623 ut
745 561 886 641 indignis
900 558 1045 623 aufertur
1060 558 1239 638 hereditas,
1256 560 1284 622 si
1300 560 1382 621 nihil

295 656 482 709 testamento
498 648 531 708 in
547 645 691 710 fraudem
707 647 786 727 legis
801 646 897 710 inerit
912 655 1050 709 cautum.

236 819 274 878 ii
380 818 456 890 Siue
472 817 584 880 falsum
599 818 669 879 siue
682 825 812 898 ruptum
828 818 897 878 siuc
912 818 1040 879 irritum
1055 816 1179 898 dicatur
1194 835 1264 878 esse
1279 826 1381 880 testa-

293 913 453 983 mentum,
482 905 571 966 salua
593 923 702 965 eorum
725 902 952 982 disceptatione
976 904 1115 984 scriptus
1137 904 1232 965 heres
1253 904 1323 966 iure
1346 904 1379 965 in

236 989 274 1049 id
292 991 524 1071 possessionem
545 989 627 1050 mitti
648 989 820 1051 desiderat.
868 989 901 1050 si
916 989 1001 1050 inter
1022 987 1174 1050 heredem
1197 989 1380 1051 institutum
1398 999 1413 1046 s

293 1085 325 1137 ot
341 1075 548 1138 substitutum
569 1075 783 1137 controuersia
798 1077 850 1153 sit,
868 1075 969 1155 magis
983 1075 1086 1156 placet
1108 1094 1182 1136 eum
1197 1076 1229 1136 in
1251 1093 1380 1154 posses-

293 1163 414 1223 sionem
431 1181 539 1223 rerum
561 1161 828 1223 hereditariarum
844 1161 943 1239 mitti,
969 1161 1024 1240 qui
1039 1161 1142 1243 primo
1156 1161 1223 1222 loco
1239 1163 1380 1241 scriptus

235 1249 273 1308 to
293 1257 353 1309 est.
392 1248 537 1328 Scriptus
552 1247 647 1309 heres
661 1256 698 1309 ut
712 1247 817 1309 statim
832 1248 865 1309 in
880 1248 1112 1327 possessionem
1128 1248 1281 1322 mittatur,
1308 1248 1379 1308 iure

235 1332 273 1394 ⁴7
292 1333 464 1396 desiderat.
510 1334 569 1396 hoc
589 1341 661 1414 post
681 1351 799 1396 annum
822 1333 995 1412 impetrare
1016 1351 1081 1395 non
1105 1333 1230 1413 poterit.
1277 1334 1312 1394 ln
1341 1353 1379 1394 eo

291 1429 479 1482 testamento
501 1419 594 1480 heres
617 1419 765 1500 scriptus,
792 1418 877 1498 quod
899 1436 1003 1498 neque
1025 1428 1062 1480 ut
1083 1419 1223 1499 oportuit
1236 1417 1379 1480 oblatum
1400 1430 1431 1476 to

291 1523 352 1566 nec
365 1504 494 1586 publice
518 1505 682 1567 recitatum
699 1514 763 1580 est,
790 1506 823 1565 io
837 1507 1067 1585 possessionem
1083 1505 1165 1566 mitti
1185 1504 1305 1567 frustra
1320 1503 1380 1566 de-

235 1592 273 1652 ts
292 1591 422 1654 siderat.
455 1592 489 1652 in
505 1592 735 1672 possessionem
752 1609 861 1652 earum
878 1608 997 1669 rerum,
1016 1609 1095 1670 quas
1110 1592 1219 1652 mortis
1233 1599 1379 1671 tempore

291 1687 422 1740 testator
436 1696 499 1738 non
515 1675 668 1758 possedit,
687 1677 781 1738 heres
795 1676 944 1756 scriptus,
962 1678 1148 1757 priusquam
1165 1677 1233 1739 iurc
1248 1676 1377 1740 ordina·

292 1764 338 1824 rio
355 1764 551 1844 experiatur,
570 1762 711 1844 improbo
727 1763 810 1824 mitti
826 1761 999 1824 desiderat.

803 1948 859 2032 oa
1398 1962 1429 2007 ιε»

377 2069 549 2150 *Litterae,
568 2069 685 2150 quibus
701 2067 861 2132 hereditas
876 2069 1070 2150 promittitur
1085 2070 1139 2132 uei
1155 2070 1253 2132 animi
1268 2068 1379 2132 adiec-

291 2155 361 2218 *tus
378 2157 577 2237 exprimitur,
595 2157 661 2217 uim
678 2155 893 2218 codicillorum
908 2175 970 2217 non
985 2152 1164 2218 obtinent*

692 2343 734 2425 [vr
777 2362 815 2404 os
836 2331 970 2425 nnoafis]

257 2465 267 2523 i
378 2465 437 2526 Per
450 2461 705 2545 praeceptionem
726 2463 783 2524 uni
800 2481 840 2524 ex
856 2461 1029 2524 heredibus
1045 2463 1166 2524 nummi
1182 2463 1295 2542 iegati,
1320 2465 1377 2543 qui

292 2549 454 2611 dominon
470 2558 579 2627 erant,
604 2548 705 2611 oiiioio
720 2547 836 2611 iudicis
852 2548 990 2610 familiae
1006 2547 1232 2610 herciscundae
1249 2568 1267 2611 a
1283 2549 1378 2611 cohe—
1396 2561 1426 2607 so

254 2635 423 2699 iredibns
451 2634 708 2716 praestabuntur.
754 2635 836 2708 Ante
865 2634 995 2696 heredis
1022 2635 1254 2696 institutionem
1277 2636 1375 2716 legari

291 2741 353 2783 non
375 2731 492 2803 potest:
518 2720 746 2785 intermedias
767 2719 922 2782 heredum
945 2720 1176 2798 institutiones,
1202 2721 1272 2782 siue
1295 2722 1378 2784 alter

290 2809 359 2872 siue
376 2817 508 2888 uterque
522 2806 625 2884 adeat,
643 2815 757 2888 potest.
783 2805 944 2869 interdum
956 2805 1135 2884 dimidium,
1154 2805 1315 2868 interdum
1328 2817 1378 2868 to-

290 2905 358 2956 tum
373 2893 525 2956 debetur:
550 2892 734 2970 dimidium,
760 2893 788 2954 si
812 2912 870 2973 per
885 2891 1131 2954 uindicationem
1154 2892 1294 2972 legatum
1315 2896 1373 2956 sit:

252 2981 270 3040 3
290 2989 408 3059 totum,
447 2981 474 3042 si
503 2999 563 3062 per
584 2978 829 3042 damnationem.
874 2978 964 3040 *Post
984 2977 1069 3040 diem
1092 2978 1186 3058 legati
1209 2978 1375 3041 cedentem
1395 2991 1424 3037 so

289 3065 399 3145 *actio,
417 3085 499 3146 quae
515 3066 658 3128 inchoata
669 3083 732 3125 non
744 3074 802 3142 est,
822 3063 862 3126 ad
874 3063 1027 3127 heredem
1042 3082 1105 3126 non
1118 3065 1378 3128 transmittitur.*

254 3153 270 3214 i
292 3151 456 3214 Communi
479 3170 572 3214 seruo
588 3171 660 3212 cum
675 3150 823 3212 libertate
846 3159 878 3212 et
892 3153 962 3212 sine
976 3149 1124 3212 libertate
1142 3151 1242 3230 legari
1258 3160 1372 3232 potest,

253 3238 454 3317 5totumque
473 3239 610 3317 legatum
627 3236 709 3299 socio
731 3237 890 3300 testatoris
912 3235 1103 3316 adquiritur.
1150 3237 1220 3297 Post
1243 3247 1376 3300 mortem

291 3321 420 3384 heredis
441 3323 539 3403 legari
561 3342 625 3385 non
645 3330 764 3402 potest,
790 3323 866 3402 quia
879 3321 959 3383 nihii
975 3320 1015 3384 ab
1030 3321 1147 3384 herede
1172 3321 1300 3384 heredis
1324 3342 1376 3384 re-

254 3411 272 3470 6
291 3409 393 3489 linqui
407 3417 522 3488 potest.
569 3409 604 3469 ln
619 3409 728 3470 mortis
744 3415 870 3489 tempus
885 3415 949 3470 tam
964 3425 1038 3470 suae
1053 3427 1147 3488 quam
1164 3407 1292 3470 heredis
1307 3410 1376 3471 eius
1393 3419 1423 3466 oo

293 3562 343 3575 ΜΛ
888 3559 1006 3574 ΚΛΜΝ

360 3635 393 3681 ιι
407 3651 439 3675 =
453 3631 512 3695 ota.
529 3634 571 3690 so,
586 3634 611 3690 r,
628 3633 657 3679 u
688 3629 700 3693 ιι
731 3634 755 3692 e,
771 3633 784 3678 a
799 3649 830 3674 .-
847 3629 1005 3682 οοιιιιιιιαιιο
1019 3612 1073 3692 o,o

294 3747 958 3763 -νυνυυιΛΛΛΑΛΛΛΙυκΛΑΛΛΛΛΛΛΝκΛΛΛΛΛΛΑΛΛΝνΝννν
1141 3747 1290 3762 ΑΛΛΛΛΛΛΛΝ
1298 3753 1307 3762 u
1314 3749 1376 3765 nm

360 3835 674 3902 optaeetu,p1aeuttt
703 3835 714 3899 11
745 3837 923 3901 timpetrare
936 3836 967 3896 t,
981 3838 1040 3886 iure
1051 3836 1191 3900 impetrari
1204 3837 1231 3886 u
1260 3835 1272 3898 ΙΙ
1303 3839 1330 3884 tt
1348 3839 1375 3886 in

291 3907 364 3965 dett,
378 3905 457 3956 heres
469 3906 587 3969 scriptus
599 3905 627 3954 in
641 3905 689 3954 ut
727 3903 738 3968 11
779 3909 811 3956 2¹
831 3905 899 3955 alter
916 3905 976 3955 siue
992 3907 1107 3970 uterquc
1123 3904 1204 3956 adeat
1223 3904 1374 3966 Sieiordos,

291 3976 350 4024 siue
368 3974 447 4024 aliter
467 3975 543 4035 (aiter
554 3974 625 4035 dett.)
646 3975 706 4024 siue
723 3976 755 4022 ut
772 3975 834 4038 quis
845 3973 926 4023 adeat
940 3973 1048 4035 (uadeat
1061 3974 1096 4036 M)
1112 3975 1210 4024 codices
1245 3972 1257 4036 ΙΙ
1296 3976 1328 4024 st
1342 3975 1376 4024 sit

291 4045 378 4093 totum
391 4045 414 4093 si
427 4044 499 4104 dett,
519 4043 542 4092 si
555 4045 642 4099 totum
656 4043 703 4091 ut
744 4041 756 4105 ΙΙ
796 4045 829 4092 aa
848 4042 883 4092 ab
895 4041 1010 4092 heredes
1022 4041 1116 4092 heredi
1129 4042 1159 4100 t,
1172 4041 1208 4092 ab
1220 4042 1267 4093 hh.
1281 4043 1374 4093 heredi

292 4113 320 4161 Μ
359 4110 371 4173 i
412 4115 443 4162 tt
463 4124 528 4161 suae
544 4112 601 4174 (sua
614 4107 687 4172 idib,
700 4123 778 4160 suam
792 4111 833 4174 υ)
848 4125 875 4175 q.
889 4111 1000 4162 heredis
1015 4111 1087 4173 (des
1101 4110 1158 4173 itt)
1174 4111 1243 4175 eius]
1257 4117 1375 4174 expectes

290 4181 412 4244 legatarii
425 4193 508 4243 quarn
520 4179 630 4229 heredis
