3066 4826
540 375 626 386 ....
672 341 732 404 125
776 375 862 386 -
1071 341 1146 392 Paul.
1162 342 1195 403 v,
1211 344 1243 390 44

102 531 138 589 8²
157 531 348 610 interrogari
363 548 426 591 non
440 538 554 610 potest.
585 529 725 591 *Seruus
739 547 800 590 nec
814 529 841 592 si
857 547 874 591 44
891 529 1016 591 domino
1032 527 1073 591 ad
1088 539 1245 592 tormenta

100 611 137 675 8¹’
155 615 342 696 *offeratur,
367 614 612 696 interrogandus
627 626 686 676 est.
734 616 816 678 Sane
840 616 986 696 quotiens
1001 617 1183 696 quaeritur,
1202 635 1243 678 an

156 701 262 764 *serui
278 702 311 762 in
328 711 423 783 caput
438 700 556 764 domini
573 701 787 781 interrogandi
804 703 878 780 sint,
897 702 987 782 prius
1002 699 1043 762 de
1060 720 1168 762 eorum
1185 700 1243 764 do-

117 790 135 846 9
154 788 271 849 *minio
286 797 408 868 oportet
424 787 577 868 inquiri*
599 787 632 849 Si
648 806 761 849 seruus
776 787 890 849 adhoc
905 786 1001 849 luerit
1016 787 1239 868 manumissus,

155 893 197 936 ne
220 883 423 955 torqueatur,
453 875 595 954 quaestio
617 873 657 934 de
682 893 717 934 eo
740 874 839 936 nihilo
860 875 966 934 minus
989 872 1101 934 baberi
1124 883 1275 954 poteste

95 1046 133 1109 40
242 1046 424 1119 Quaestioni
446 1045 516 1106 eius
532 1045 678 1124 latronis,
703 1063 798 1124 quem
815 1045 887 1126 quis
903 1043 1032 1124 obtulit,
1059 1064 1130 1106 cum
1147 1043 1187 1107 de
1203 1065 1239 1107 eo

154 1131 332 1210 confitetur,
350 1130 446 1193 fidem
459 1129 686 1193 accommodari
698 1150 761 1192 non
777 1131 941 1192 conuenit:
960 1132 1021 1192 nisi
1038 1130 1071 1192 id
1086 1130 1164 1193 forte
1180 1150 1239 1192 ue-

153 1217 268 1279 landae
283 1216 492 1280 conscientiae
507 1235 581 1280 suae
598 1217 707 1298 gratia,
727 1235 820 1297 quam
833 1236 903 1280 cum
920 1235 974 1279 reo
985 1216 1106 1296 babuit,
1125 1216 1238 1280 iecisse

153 1303 316 1366 doceatur.

94 1394 127 1453 44
239 1391 350 1470 Neque
364 1399 525 1452 accusator
539 1407 598 1469 per
613 1389 709 1451 alium
725 1407 874 1451 accusare
888 1406 994 1469 neque
1016 1407 1091 1450 reus
1105 1407 1164 1469 per
1178 1389 1237 1450 ali·
1258 1403 1288 1448 to

152 1496 207 1538 um
223 1474 352 1538 defendi
368 1485 487 1555 potest,
512 1475 573 1535 nisi
597 1475 755 1555 ingratum
770 1473 921 1536 libertum
942 1484 1095 1554 patronus
1109 1485 1236 1536 accuset

79 1565 134 1624 444
151 1571 207 1624 aut
218 1563 265 1623 rei
277 1561 421 1622 absentia
433 1559 634 1622 defendatur.
658 1559 687 1621 *.
705 1607 712 1622 .
730 1607 737 1621 .
752 1561 805 1621 alii
818 1569 946 1641 propter
957 1561 1170 1640 suspicionem
1183 1580 1235 1622 ca-

150 1648 319 1726 *lumniae,
338 1656 374 1709 ut
386 1647 431 1707 illi
447 1647 502 1727 qui
519 1645 631 1708 ialsum
647 1648 862 1708 testimonium
877 1645 1039 1708 subornati
1051 1645 1237 1708 dixerunt*

93 1737 131 1800 42
152 1735 184 1796 Si
200 1734 335 1814 pecunia
358 1732 430 1794 data
446 1732 543 1794 iudici
566 1751 639 1794 reus
662 1731 823 1794 absolutus
846 1751 915 1793 esse
939 1731 1063 1793 dicatur
1082 1730 1179 1811 idque
1202 1733 1233 1792 in

151 1839 226 1882 eum
238 1819 336 1881 inerit
350 1817 596 1900 comprobatum,
616 1837 652 1880 ea
662 1837 765 1898 poena
780 1817 958 1897 damnatur,
977 1836 1039 1898 qua
1055 1836 1129 1879 reus
1145 1816 1236 1880 dam·
1254 1833 1286 1879 m

93 1909 130 1968 43
149 1907 219 1968 nari
236 1906 399 1986 potuisset.
445 1905 481 1965 ln
497 1905 676 1966 conuictum
691 1923 792 1983 reum,
809 1905 878 1966 siue
893 1904 1035 1984 torqueri
1050 1903 1149 1984 possit
1163 1903 1233 1965 sibe

93 1995 130 2054 44
149 2010 214 2053 non
227 1992 345 2072 possit,
369 2009 426 2072 pro
440 1989 532 2052 modo
547 1989 676 2052 admissi
692 1991 821 2052 sceleris
837 1990 1039 2052 statuendum
1055 1999 1113 2051 est.
1160 1990 1234 2051 lleis

16 2073 20 2082 '
149 2079 218 2139 suis
244 2076 341 2138 edere
372 2077 504 2138 crimina
533 2086 729 2138 accusatores
754 2074 884 2156 cogendi
911 2086 1002 2138 sunt:
1035 2076 1117 2138 scire
1147 2076 1233 2138 enim

93 2166 130 2226 45
149 2173 282 2244 oportet,
308 2162 424 2243 quibus
445 2164 509 2224 sint
523 2161 708 2224 criminibus
723 2163 916 2241 responsuri.
947 2161 1173 2242 *cogniturum
1193 2161 1232 2224 de

149 2248 354 2311 *criminibus
369 2247 549 2329 praesidem
564 2257 686 2328 oportet
700 2258 772 2310 ante
788 2247 872 2310 diem
886 2247 990 2328 palam
1010 2249 1112 2310 iacere
1128 2257 1234 2309 custo·
1251 2264 1284 2310 eo

147 2333 235 2397 *dias
250 2355 284 2397 se
299 2334 494 2413 auditurum,
512 2353 553 2395 ne
568 2334 611 2413 hi,
630 2335 684 2414 qui
701 2333 895 2396 delendendi
906 2343 991 2414 sunt,
1010 2333 1124 2396 subitis
1139 2353 1233 2398 aecu-

145 2421 306 2484 *satorum
317 2419 503 2483 criminibus
516 2421 751 2501 opprimantur:
767 2422 914 2500 quamuis
925 2420 1141 2483 defensionem
1153 2438 1233 2501 quo-

146 2507 304 2588 *cumque
326 2516 467 2587 tempore
481 2506 660 2586 postulante
676 2526 729 2567 reo
744 2507 853 2586 negari
869 2525 932 2568 non
947 2515 1084 2586 oportet,
1103 2505 1181 2568 adeo
1197 2515 1232 2567 ut

91 2595 128 2654 46
145 2593 333 2674 *propterea
349 2603 381 2654 et
392 2592 580 2654 differantur
596 2601 627 2654 et
641 2591 843 2673 proferantur
858 2591 1030 2655 custodiae.
1064 2590 1231 2654 Custodiae

146 2677 230 2740 *non
246 2679 346 2741 solum
362 2698 420 2760 pro
439 2677 607 2756 tribunali,
632 2677 689 2740 sed
706 2688 737 2740 et
751 2677 792 2740 de
807 2679 902 2758 plano
917 2677 1019 2740 audiri
1034 2686 1168 2758 possunt
1182 2687 1230 2738 at·
1250 2692 1281 2739 25

90 2766 127 2826 47
146 2763 229 2845 *quc
245 2764 399 2827 damnari.
439 2765 473 2825 ln
489 2765 683 2845 pecuniariis
699 2765 800 2826 causis
815 2763 957 2826 omnibus
972 2763 1079 2825 dilatio
1099 2763 1231 2843 singulis

145 2851 268 2912 *causis
295 2851 368 2932 plus
398 2850 496 2912 semel
518 2848 616 2910 tribui
632 2869 695 2911 non
717 2840 837 2932 potest':
864 2851 896 2910 in
919 2849 1108 2930 capitalibus
1123 2858 1228 2910 autem

144 2937 219 2998 *reo
234 2946 300 2998 tres
312 2935 488 3014 dilationeS,
507 2937 678 2998 accusatori
691 2936 772 2998 duae
788 2935 855 2997 dari
867 2945 1016 3016 possunt:
1036 2933 1094 2996 sed
1106 2945 1230 2996 utrum-

143 3023 226 3104 *que
242 3041 334 3084 eausa
351 3020 506 3102 cognita*

1090 3190 1228 3208 ΜΛΝὌΜΗ,

214 3279 564 3342 ie,m⁸=ni9.te‚s‚o
606 3276 618 3341 14
660 3282 701 3340 44,
719 3277 925 3342 mustum.
943 3279 1185 3340 44,44,44,4.44
1220 3273 1230 3344 ii

146 3348 500 3412 tu,ii=Di9.2‚ii,io

143 3485 196 3499 'vw

213 3609 244 3653 io
262 3605 322 3654 inde
335 3617 351 3654 c
364 3601 376 3668 5
388 3607 414 3653 44
430 3609 547 3666 expectes
559 3603 692 3652 rubricam
704 3602 739 3652 de
751 3601 983 3653 accusationibus:
999 3616 1057 3653 cum
1068 3607 1155 3652 tameo
1169 3603 1227 3652 los-

143 3676 236 3725 tim'ooi
254 3671 281 3738 §5
301 3677 342 3723 45.
364 3677 396 3721 46
427 3675 502 3723 titulo
523 3671 557 3722 de
581 3671 787 3736 quaestionibus
811 3672 985 3733 subdiderint,
1017 3673 1115 3720 Paulus
1139 3673 1227 3721 titulos

148 3743 350 3806 Wisiqotbomm
369 3745 479 3790 44-46
504 3743 609 3790 uidetur
631 3743 708 3790 unico
726 3741 800 3790 titolo
818 3739 852 3790 de
870 3739 1077 3803 quaestionibus
1095 3738 1227 3789 habendis

142 3813 292 3872 coomleccus
303 3823 358 3860 ease
387 3809 398 3873 ΙΙ
429 3813 459 3858 ts
473 3807 485 3874 5
500 3813 546 3858 ⁴4⁸
557 3812 586 3860 io
598 3808 657 3872 Dip.
674 3809 715 3868 48,
730 3811 755 3869 2,
771 3811 784 3856 8
798 3809 837 3858 iis
850 3811 1031 3858 continuator:
1047 3808 1228 3872 prohibentur

141 3893 272 3931 accusare
284 3879 329 3929 alli
342 3883 453 3944 propter
464 3891 559 3928 sexum
571 3877 615 3927 uel
629 3878 744 3926 aetatem
756 3878 804 3926 rel.
845 3876 856 3940 ll
898 3878 928 3925 44
942 3878 965 3926 si
977 3878 1094 3941 pecunia
1107 3877 1168 3927 data
1182 3878 1227 3927 iu·

142 3945 625 4013 dicii,siposteadataaiudiciid
652 3945 663 4010 ΙΙ
694 3948 725 3994 ii
744 3945 891 4009 postulanti
906 3945 1045 3996 Mommsen
1073 3946 1084 4010 41
1115 3949 1146 3996 24
1166 3960 1226 3996 om-

143 4017 221 4068 nisF
338 4015 340 4022 “
