3066 4826
292 363 364 415 Paul.
379 365 468 425 v,t⁴.
485 365 516 411 ⁴2
670 393 756 408 ....-
802 361 862 423 120
906 393 992 405 ...-

288 551 403 614 *tionis
424 551 529 612 animo
556 551 724 631 pecuniam
747 547 903 618 fenerauit
932 565 1065 628 eamque
1097 547 1181 609 filius
1203 547 1376 627 stipulatus

254 640 272 698 6
289 637 367 716 *est,
386 639 454 718 ipso
469 637 537 698 iure
553 635 724 716 perfectam
736 634 938 697 donationem
953 634 1070 715 ambigi
1086 653 1150 694 non
1164 631 1301 714 potest*
1322 633 1371 712 Ei,

291 725 347 804 qui
369 723 507 803 aliquem
530 742 548 784 a
569 722 753 784 latrunculis
773 722 827 782 uel
843 719 987 782 hostibus
1003 721 1136 800 eripuit,
1164 721 1197 780 in
1212 718 1375 780 infinitum

291 809 410 871 donare
425 827 488 869 nou
511 807 698 889 prohibetur
719 807 755 890 (si
769 816 876 868 tamen
891 805 1017 868 donatio
1034 815 1066 867 et
1087 824 1151 866 non
1167 823 1289 867 merces
1303 806 1377 866 exi-

291 897 346 957 mii
372 893 490 956 laboris
516 893 705 975 appellanda
731 893 811 974 est),
841 895 915 974 quia
942 892 1235 973 contemplationem
1261 891 1409 953 salutisa

292 990 379 1044 certo
394 979 485 1043 modo
502 981 661 1043 aestimari
676 999 740 1042 non
755 980 886 1060 placuit.

572 1183 624 1267 [rur
667 1203 705 1246 ua
729 1204 796 1246 rme
819 1203 893 1246 rrsm
916 1205 951 1246 nr
973 1182 1088 1265 rorum]

242 1309 274 1367 l*
376 1305 430 1366 *ln
445 1303 588 1367 fraudem
611 1305 677 1366 fisci
699 1324 763 1366 non
785 1305 886 1366 solum
906 1304 1195 1385 perdonationem,
1221 1302 1280 1365 scd
1294 1322 1379 1384 quo-

291 1393 446 1472 *cumque
481 1389 572 1452 modo
600 1410 651 1452 res
679 1391 832 1453 alienatae
863 1400 1062 1453 reuocentur.
1117 1382 1268 1470 idemque
1295 1390 1378 1451 iuris

290 1478 358 1540 *est
373 1487 405 1540 et
421 1479 525 1539 sinon
541 1487 728 1557 quaeratur:
748 1496 849 1557 aeque
869 1477 953 1538 enim
969 1478 1001 1537 in
1016 1475 1163 1537 omnihus
1178 1476 1264 1537 fraus
1278 1477 1377 1556 puni·
1398 1488 1428 1533 to

241 1561 275 1626 lb
290 1565 373 1626 *tum
419 1565 504 1625 Bona
519 1582 645 1642 eorum,
669 1564 723 1642 qui
740 1565 773 1624 in
790 1563 931 1624 custodia
945 1562 998 1624 uel
1013 1563 1047 1622 in
1068 1561 1206 1623 uinculis
1220 1561 1275 1622 uel
1290 1581 1379 1622 com-

291 1648 446 1732 *pedibus
479 1649 703 1728 decesserunt,
742 1647 916 1710 heredibus
945 1667 1055 1710 eorum
1080 1667 1143 1708 non
1172 1647 1374 1726 auferuntur,

243 1739 275 1798 4ῦ
291 1735 379 1798 *siue
396 1744 508 1796 testato
523 1736 593 1796 siue
612 1735 758 1796 intestato
774 1735 991 1797 decesserunt.
1039 1735 1116 1796 Eius
1130 1733 1223 1810 hona,
1242 1735 1298 1813 qui
1314 1733 1378 1794 sibi

290 1822 441 1884 *mortem
457 1823 620 1900 consciuit,
639 1840 701 1882 non
716 1830 789 1882 ante
805 1819 845 1882 ad
861 1820 971 1882 fiscum
987 1830 1156 1900 coguntur,
1175 1837 1271 1899 quam
1285 1821 1379 1899 prius
1502 1895 1505 1900 Ι

256 1911 268 1970 4
293 1907 497 1986 *constiterit
516 1908 606 1969 cuius
621 1909 763 1968 criminis
778 1907 878 1986 gratia
894 1925 1007 1968 manus
1023 1905 1083 1967 sihi
1099 1902 1278 1967 intulerit*
1299 1907 1379 1966 Eius
1399 1916 1429 1962 ⁴5

292 1994 391 2073 bona,
417 1993 473 2074 qui
495 1992 556 2054 sibi
579 1991 619 2054 ob
634 1991 763 2073 aliquod
783 1992 955 2054 admissum
975 1992 1128 2072 flagitium
1152 2001 1285 2052 mortem
1302 2011 1380 2052 con-

293 2081 388 2142 sciuit
402 2088 434 2140 et
449 2098 562 2140 manus
577 2079 700 2157 intulit,
725 2079 799 2140 fisco
815 2077 1026 2140 uindicantur.
1074 2076 1159 2157 quod
1174 2079 1202 2138 si
1222 2076 1256 2138 id
1271 2075 1379 2138 taedio

250 2167 281 2252 >15
293 2167 378 2228 uitae
394 2174 447 2227 aut
468 2164 587 2244 pudore
611 2165 694 2226 aeris
709 2165 806 2226 alieni
829 2163 882 2226 uel
903 2163 1098 2226 ualetudinis
1120 2163 1253 2225 alicuius
1275 2164 1380 2244 impa-

293 2253 405 2312 tientia
425 2249 567 2330 admisit,
591 2269 654 2312 non
676 2248 954 2330 inquietabuntur,
979 2249 1037 2312 sed
1052 2249 1231 2311 ordinariae
1250 2268 1380 2311 succes-

243 2331 276 2397 l‘¹
293 2337 374 2398 sioni
390 2337 627 2416 relinquuntur.
665 2335 710 2397 *A
724 2335 867 2398 debitore
882 2335 948 2397 lisci
965 2337 997 2396 in
1013 2335 1157 2398 fraudem
1172 2335 1262 2398 datas
1277 2334 1381 2396 liber·
1398 2347 1429 2392 ao

292 2422 391 2484 *tates
399 2424 517 2483 retrahi
528 2423 657 2503 placuit.
676 2441 751 2484 sane
762 2423 866 2503 ipsum
879 2421 970 2483 itaah
981 2423 1155 2484 alioemere
1167 2421 1376 2501 mancipium,

293 2508 347 2570 *ut
362 2511 571 2585 manumittat,
591 2527 653 2570 non
670 2518 717 2569 est
732 2507 943 2588 prohibitum:
969 2527 1044 2588 ergo
1058 2519 1136 2570 tunc
1151 2517 1183 2568 et
1197 2505 1379 2568 libertatem

256 2597 275 2656 2
293 2594 472 2676 *praestare
493 2593 624 2676 possit*
667 2595 704 2655 Ei
719 2596 814 2654 etiam
836 2594 928 2656 uelut
943 2593 1071 2673 indigno
1092 2593 1235 2655 aulertur
1249 2593 1380 2655 heredi-

293 2691 341 2742 tas
357 2681 412 2760 qui
428 2679 564 2742 adfinem
579 2681 631 2742 uel
648 2689 824 2760 cognatum,
842 2681 893 2741 cui
908 2681 977 2760 ipse
992 2679 1033 2741 ab
1050 2679 1195 2742 intestato
1211 2698 1380 2740 successu-

295 2785 349 2829 rus
365 2775 447 2845 erat,
465 2775 688 2829 testamentum
708 2766 811 2827 facere
826 2764 990 2846 prohibuit
1011 2773 1065 2828 aut
1080 2785 1121 2827 ne
1137 2766 1205 2827 iure
1221 2764 1381 2827 subsiste·
1398 2777 1430 2823 it

242 2856 277 2916 2⁵
294 2862 343 2914 ret
357 2871 487 2932 operam
498 2851 599 2914 dedit.
623 2850 801 2913 *Portiones
813 2870 940 2932 quoque
952 2871 1060 2913 eorum
1072 2852 1145 2913 fisco
1157 2850 1375 2930 medicantur,

293 2939 367 3019 *qui
384 2947 515 3000 mortem
536 2937 722 3000 libertorum
737 2947 884 3019 suspecto
904 2936 1127 3000 decedentium
1142 2956 1204 3001 non
1221 2935 1379 2999 deiende-

293 3024 404 3086 *runtt
429 3043 538 3086 omnes
555 3025 641 3086 enim
658 3023 794 3086 heredes
806 3024 860 3085 uel
876 3026 998 3104 eosqui
1014 3024 1080 3085 loco
1095 3023 1223 3086 heredis
1238 3031 1314 3084 sunt
1329 3021 1379 3084 ol-

912 3209 1092 3224 NVNMAANVW

363 3295 967 3362 ra,ra-⁴c=nt9.te,u,sepeque
1009 3297 1020 3360 u
1062 3296 1375 3360 re,t=nr9.re,rt,

293 3363 580 3500 ff'dtpuatfle'ffia
596 3363 1216 3431 Dip.l9,tt,llt,3‚c[.fr.deiureflsciittl
1247 3365 1258 3428 ΙΙ
1290 3368 1376 3425 tm·

293 3467 325 3479 ““
394 3473 400 3487 ·
451 3473 458 3497 r
491 3475 498 3497 r

291 3570 330 3585 'W

363 3696 378 3742 2
396 3691 446 3756 est]
461 3695 488 3743 et
500 3692 523 3742 F
560 3692 571 3755 ΙΙ
611 3695 636 3743 ei
649 3693 696 3758 qui
707 3691 772 3756 sqq]
791 3693 814 3742 si
826 3693 888 3756 quis
900 3692 1018 3756 aliquem
1029 3705 1046 3741 a
1058 3689 1221 3741 latrunculis
1232 3691 1277 3741 uel
1289 3691 1376 3742 hosti-

292 3761 345 3812 bus
363 3763 463 3826 eripuit
480 3765 507 3812 et
523 3762 626 3826 aliquid
643 3776 694 3827 pro
712 3776 745 3813 eo
764 3761 798 3812 ab
813 3761 872 3825 ipso
884 3761 1009 3825 accipiat,
1029 3761 1096 3810 haec
1108 3760 1219 3810 donatio
1232 3761 1377 3810 inreuooe·

293 3829 357 3881 bilis
369 3834 421 3882 est:
442 3845 497 3881 non
515 3844 621 3882 merces
639 3832 731 3882 eximii
749 3829 851 3881 laboris
868 3829 1029 3894 appellanda
1047 3831 1097 3890 est,
1117 3828 1191 3892 quod
1209 3829 1377 3894 contempla-

292 3901 367 3949 tione
385 3900 480 3950 salutis
499 3903 572 3952 certo
591 3899 673 3950 modo
685 3900 823 3950 aestimari
835 3912 889 3948 non
902 3898 1007 3962 placuit
1018 3897 1078 3961 Dip.
1121 3897 1132 3960 ΙΙ
1173 3897 1377 3962 incontempla-

293 3969 396 4018 tionem
408 3969 484 4030 dett,
503 3967 732 4034 contemplatione
744 3969 793 4018 ML
812 3979 871 4017 cum
882 3967 996 4031 Diale.
1010 3967 1046 4026 s.)
1082 3965 1106 4037 ll·
1131 3969 1161 4015 te
1181 3968 1297 4016 mortem
1310 3980 1378 4016 con·

294 4037 376 4086 sciuit
385 4039 516 4088 etmanus
525 4037 625 4101 intulit]
634 4037 710 4101 nep„
725 4039 811 4087 morte
823 4037 928 4086 constia
937 4034 1065 4097 intulitL,
1079 4037 1167 4086 morte
1178 4036 1315 4085 consciuit
1324 4035 1352 4085 il
1367 4029 1377 4100 ll

294 4109 325 4152 47
345 4105 374 4154 id
386 4105 505 4155 taedium
518 4107 549 4166 L,
568 4106 597 4156 id
609 4106 671 4156 *dio
684 4107 735 4167 Ma,
755 4106 782 4155 id
795 4105 858 4155 odio
871 4101 922 4165 lib,
941 4103 1053 4154 iteedio
1067 4103 1127 4167 Dtp.
1167 4105 1178 4168 l}
1218 4107 1249 4152 tt
1268 4104 1377 4154 admisit

295 4173 367 4236 Diu,
381 4173 434 4223 hoc
447 4173 556 4223 admisit
567 4176 665 4224 codices
693 4173 705 4238 ΙΙ
734 4172 898 4237 ordinariae]
913 4187 978 4224 snae
991 4173 1051 4236 Dtp.
