3066 4826
548 377 634 394 ...-
678 344 716 406 91
763 377 849 392 ...-
1072 343 1147 394 44444
1163 345 1240 407 111,e

95 533 133 592 60
153 549 321 594 seruorum
337 532 439 611 legato
455 530 584 594 cedunt.
623 531 790 596 Monilibus
805 531 917 612 legatis
931 549 1043 618 aurum
1059 533 1112 595 uel
1126 549 1243 612 argen-

152 628 222 680 tum
238 637 302 678 non
318 616 464 696 debetur,
481 619 544 680 nisi
555 617 595 680 de
610 619 660 680 his
672 636 799 698 quoque
810 616 977 680 manifeste
992 619 1127 680 sensisse
1143 628 1242 680 testa-

95 706 128 763 61
153 713 256 766 torem
270 704 369 784 possit
384 702 519 766 ostendi.
555 705 766 766 Instrumento
781 705 933 783 cauponis
947 704 1050 784 legato
1066 723 1103 766 ea
1118 702 1242 766 deben-

153 799 225 868 tur,
251 807 330 870 quoe
349 790 499 870 cauponis
513 790 586 852 usui
608 798 716 870 parata
732 799 825 869 sunt,
849 790 940 853 uelut
954 807 1049 868 uasa,
1075 789 1242 870 inquibus

153 876 267 937 uinum
280 873 482 938 defunditur:
497 876 616 938 escaria
628 893 755 956 quoque
767 885 798 939 et
809 876 973 956 pecularia
980 894 1056 938 uasa
1068 875 1237 939 debentur.
1259 888 1275 934 s

96 963 134 1022 61
154 980 233 1022 sane
248 962 386 1023 ministri
403 980 511 1024 earum
533 980 640 1024 rerum
655 962 757 1041 legato
772 980 835 1024 non
853 960 982 1024 cedunt.
1029 963 1241 1024 Instrumento

153 1047 273 1109 medici
288 1048 390 1128 legato
413 1048 539 1129 collyria
560 1056 592 1109 et
614 1049 783 1128 emplastra
804 1057 836 1112 et
850 1057 1021 1134 apparatus
1043 1049 1144 1109 omnis
1166 1067 1242 1110 oon-

154 1132 365 1195 ficiendorum
380 1132 693 1212 medicamentorum,
712 1135 852 1216 itemque
867 1133 1058 1196 ferramenta
1073 1134 1173 1213 legato
1188 1153 1242 1195 ce-

96 1221 133 1279 63
154 1218 249 1282 dunt.
296 1219 508 1281 instrumento
529 1221 667 1300 pictoris·
682 1220 783 1300 legato
805 1220 924 1282 colores
939 1220 1079 1300 penicilli
1103 1221 1241 1282 cauteria

95 1309 134 1366 64
154 1315 187 1366 44
210 1305 490 1384 temperandorum
512 1306 647 1368 colorum
672 1323 747 1368 uasa
773 1304 989 1369 debebantur.
1037 1306 1164 1368 Pistoris
1190 1306 1240 1366 in·
1260 1317 1293 1362 to

154 1400 332 1452 strumento
353 1393 454 1471 legato
477 1391 581 1453 cribra
604 1393 684 1454 asini
708 1392 807 1454 molae
831 1400 862 1453 et
883 1393 971 1454 serui
992 1393 1047 1471 qui
1070 1393 1240 1472 pistrinum

154 1486 323 1556 exercent,
342 1479 418 1539 item
433 1478 613 1556 machinae,
632 1476 749 1558 quibus
770 1477 889 1540 farinae
905 1476 1113 1557 subiguntur,
1140 1477 1242 1558 legato

95 1565 135 1623 65
154 1561 286 1625 cedunt.
337 1565 549 1626 Instrumento
576 1563 768 1626 balneatorio
790 1564 891 1643 legato
917 1562 1080 1626 balneator
1113 1564 1182 1643 ipse
1208 1573 1241 1625 et

154 1667 285 1711 scamna
304 1658 335 1711 et
349 1649 531 1731 hypopodia,
551 1650 689 1728 fistulae,
710 1650 855 1727 miliaria,
874 1649 1022 1730 epitonia,
1041 1658 1127 1712 rotae
1141 1668 1241 1729 aqua-

155 1735 239 1814 riae,
257 1736 397 1797 iumenta
414 1753 538 1815 quoque
554 1734 672 1816 quibus
687 1736 772 1816 ligna
786 1734 977 1798 deferuntur
991 1736 1092 1815 legato
1107 1735 1237 1798 cedunt.
1260 1746 1292 1792 44

96 1824 134 1881 66
155 1822 370 1882 instrumento
386 1821 549 1901 piscatoris
571 1822 672 1902 legato
689 1830 720 1884 et
735 1823 813 1884 retia
829 1830 860 1884 et
875 1839 986 1884 nassae
1002 1831 1034 1882 et
1052 1821 1193 1884 fuscinae
1210 1831 1241 1882 et

154 1907 338 1986 nauiculae,
363 1907 447 1968 hami
469 1925 594 1987 quoque
614 1915 645 1970 et
660 1918 766 1969 cetera
782 1907 936 1970 eiusmodi
955 1906 1067 1970 usibus
1083 1906 1240 1970 destinata

96 1993 134 2054 67
154 1991 326 2054 debentur.
357 1993 560 2074 Supellectile
583 1993 685 2073 legata
701 2011 812 2074 capsae
827 1993 977 2072 armaria,
996 1995 1061 2055 44141
1079 1994 1178 2055 solum
1201 1993 1240 2054 li-

154 2078 287 2141 brorum
302 2089 356 2141 aut
370 2081 468 2142 uestis
483 2077 648 2160 ponendae
665 2080 763 2159 gratia
778 2088 906 2160 paratae
921 2081 1002 2158 sint,
1022 2079 1237 2158 debebantur,

154 2164 214 2226 sed
225 2174 257 2226 et
267 2163 392 2226 humina
404 2175 436 2227 et
446 2165 618 2228 cristallina
630 2174 662 2227 et
672 2175 820 2245 argentea
832 2175 864 2228 et
874 2166 976 2228 nitrea
988 2184 1064 2228 uasa
1074 2175 1137 2226 tam
1153 2183 1241 2228 esca-
1260 2176 1293 2221 2⁰

97 2255 134 2312 68
155 2253 203 2312 ria
225 2269 320 2331 quam
340 2251 517 2332 pocularia,
542 2261 575 2312 et
595 2252 696 2322 uestis
711 2253 854 2314 stratoria
868 2251 971 2332 legato
986 2251 1116 2314 cedunt.
1152 2252 1242 2314 Villis

96 2341 134 2398 69
154 2338 207 2400 uel
230 2338 316 2417 agris
338 2339 508 2418 separatim
531 2337 641 2418 legatis
663 2337 798 2399 alterum
813 2339 904 2400 alteri
927 2335 1023 2400 cedit.
1069 2339 1179 2400 Seruis
1201 2357 1240 2400 no

153 2441 231 2484 nnoo
253 2423 364 2503 legatis
386 2423 517 2486 ancillae
531 2441 656 2503 quoque
672 2422 892 2486 debebuntur:
917 2442 980 2486 non
996 2425 1072 2485 item
1093 2425 1178 2486 serui
1194 2424 1241 2486 le-

155 2510 237 2589 gatis
248 2508 387 2570 ancillis:
413 2509 470 2572 sed
482 2509 667 2571 ancillarum
682 2509 893 2590 appellatione
908 2519 971 2571 tam
987 2511 1130 2590 uirgines
1146 2529 1240 2590 quam

154 2613 323 2657 seruorum
345 2597 438 2675 pueri
459 2596 677 2658 continentur:
703 2595 754 2656 his
775 2596 895 2658 seilicet
910 2597 1060 2676 exeeptis,
1086 2597 1142 2676 qui
1158 2595 1241 2658 lidu—
1258 2607 1294 2653 as

96 2683 134 2741 70
154 2683 222 2743 ciae
242 2679 311 2742 dati
331 2692 416 2744 sunt.
455 2683 566 2744 Seruis
587 2680 837 2744 amanuensibus
857 2682 968 2763 legatis
989 2700 1100 2744 omnes
1122 2683 1178 2761 qui
1201 2701 1240 2744 ex

154 2767 397 2828 conuersatione
418 2767 540 2830 urbana
563 2776 594 2828 et
616 2767 649 2828 in
673 2767 846 2830 ministerio
876 2767 994 2830 fuerint
1022 2765 1237 2846 debebuntur,

154 2854 276 2914 nisiex
298 2852 349 2912 bis
364 2854 463 2933 aliqui
487 2862 639 2934 perpetuo
661 2852 703 2916 ad
717 2871 797 2934 opus
819 2855 972 2916 rusticum
993 2854 1237 2916 transferantur.

97 2939 129 2998 71
154 2940 329 3000 venatores
343 2941 430 3000 serui
453 2941 506 3002 uel
521 2958 661 3019 aucupes
675 2957 716 3002 an
732 2940 815 3000 inter
835 2939 958 3002 urbana
974 2939 1148 3001 ministeria
1164 2957 1244 3002 con-

911 3141 1214 3160 smmvvwlvvvwvx
1218 3145 1231 3158 N
1234 3145 1241 3151 “

228 3269 237 3313 4
261 3264 411 3316 monilibus
423 3265 495 3324 dett,
510 3263 659 3316 monilibus
672 3266 709 3325 Μ,
723 3263 872 3316 mobilibus
885 3265 905 3314 L
934 3263 945 3328 11
975 3267 988 3314 l
1002 3279 1072 3329 quae
1084 3267 1157 3328 dett,
1171 3279 1244 3330 quae

155 3335 247 3384 444111
288 3332 300 3396 ΙΙ
341 3333 515 3398 apocularia
530 3331 661 3394 0444444444,
675 3335 773 3399 pocula
787 3335 815 3394 L,
830 3333 927 3400 pocula
940 3334 977 3393 11,
991 3334 1090 3398 poeula
1103 3338 1129 3384 et
1141 3336 1201 3385 dett.
1231 3330 1245 3400 ll

156 3402 309 3467 apensulli
323 3403 359 3461 11,
374 3401 538 3467 pinecellel,
576 3402 588 3466 l
630 3405 660 3452 44
680 3402 800 3468 hypodia
812 3405 911 3454 44444444
947 3402 959 3467 l
997 3404 1116 3468 epitonia
1129 3404 1163 3464 M,
1178 3406 1241 3466 yto-

157 3472 245 3522 4444441,
287 3471 299 3534 ΙΙ
340 3475 370 3520 47
390 3470 580 3521 444444444144111
621 3471 632 3533 l
674 3475 705 3522 48
724 3483 823 3537 capsae
840 3475 947 3522 etarm.
963 3471 1096 3535 Sebottiop
1135 3472 1147 3535 u
1187 3473 1240 3522 44444

157 3539 285 3599 1144441144,
300 3553 355 3590 non
368 3541 476 3599 44414444,
491 3540 524 3602 cf.
540 3539 600 3604 Dtp.
615 3544 657 3601 11,
672 3544 714 3602 tt,
729 3543 784 3602 4,1
813 3540 824 3603 11
856 3544 886 3590 41
904 3543 995 3591 uestes
1007 3541 1037 3599 L,
1049 3541 1168 3591 uestium
1181 3541 1211 3590 11

158 3612 189 3657 14
210 3607 313 3660 hunino
327 3607 516 3671 Bpokersboelc,
536 3607 649 3672 byssina
667 3610 765 3660 codices
811 3610 822 3673 ΙΙ
870 3613 898 3658 14
919 3611 1005 3660 uestis
1023 3610 1060 3668 ll,
1079 3610 1203 3659 uestesL

156 3680 188 3727 14
209 3676 257 3728 sed
271 3679 300 3737 1,
315 3679 342 3728 44
354 3677 383 3726 ll
410 3675 421 3740 ΙΙ
450 3677 499 3727 4441
511 3680 564 3727 tam
577 3677 739 3727 ancillarum
751 3678 930 3744 appellatione
942 3691 1012 3728 sot:
1030 3679 1098 3727 4444444
1111 3678 1241 3739 1444444444

156 3749 312 3796 sententium
335 3748 372 3796 444
395 3746 535 3807 4444444444
561 3746 722 3797 ancillarum
741 3751 832 3797 autem
849 3747 1029 3811 appellatione
1046 3749 1103 3798 tam
1120 3747 1241 3810 uirgines

157 3827 240 3879 quam
253 3813 371 3879 puberes
382 3814 427 3866 uel
439 3814 595 3879 impuberes
607 3815 783 3880 accipiendae
795 3817 859 3866 suut
892 3814 904 3877 11
939 3815 1202 3879 inquiramos
1231 3811 1244 3880 ll

156 3887 190 3933 16
209 3883 289 3933 datae
302 3884 367 3934 1114
382 3883 494 3946 sortasse
505 3882 560 3934 dati
573 3883 687 3936 dataeue
699 3897 751 3934 444.
782 3883 793 3946 ΙΙ
819 3887 879 3945 poet
890 3883 1104 3934 amanuensibus
1119 3883 1238 3946 (admon.

157 3953 264 4013 codices)
286 3953 446 4004 falmartinse
463 3953 568 4002 uidetur
585 3953 697 4018 definitio
715 3954 922 4012 amanuensium,
942 3963 1020 4014 qoem
1037 3954 1102 4002 totto
1119 3951 1174 4014 sere
1192 3966 1241 4004 444-

157 4024 287 4082 moriat:
306 4021 466 4071 ministeriis
477 4035 545 4072 uero
557 4021 671 4072 urbanis
683 4021 778 4084 legatis
790 4033 845 4070 non
858 4021 883 4071 ei
895 4023 1000 4070 tantum
1013 4022 1086 4072 serui
1104 4022 1151 4086 qui
1170 4023 1242 4072 intra
1302 4057 1306 4066 .

156 4089 254 4140 urbem
273 4091 507 4149 ministrauerunt,
526 4090 574 4140 sed
592 4091 672 4142 etiam
691 4091 713 4140 44
732 4090 778 4154 qui
792 4092 866 4140 extra
878 4088 974 4140 urbem
987 4103 1020 4140 ex
1033 4091 1243 4142 conuersatione

156 4157 262 4210 urbana
276 4160 303 4208 in
316 4159 467 4208 ministerio
479 4157 579 4208 luerint
