3028 4830
557 396 643 410 ...-
687 364 727 428 53
771 397 857 410 ...-
1105 362 1179 412 Paul.
1194 363 1214 426 1,
1231 367 1246 414 9

300 552 341 634 [rx
383 571 420 612 nn
443 570 597 614 ursonurs
620 571 731 615 viarurr
753 572 788 613 ur
811 577 937 632 putrore
959 555 1108 634 nnuonvu]

126 677 139 734 l
253 673 353 734 Minor
373 674 488 752 uiginti
509 681 541 734 et
563 673 706 753 quinque
727 691 880 740 annorum
896 677 923 740 si
945 675 1073 756 aliquod
1092 673 1244 754 flagitium

164 759 349 838 admiserit,
368 758 453 838 quod
468 757 509 820 ad
523 757 682 838 publicam
697 764 917 824 coercitionem
931 771 1064 842 spectet,
1082 760 1122 821 ob
1138 761 1195 822 hoc
1210 761 1242 820 in

125 847 326 925 2integrum
346 845 471 906 restitui
491 863 554 904 non
575 853 687 924 potest.
729 845 790 916 Qui
804 850 918 909 minori
932 846 1111 925 mandauit,
1135 854 1172 908 ut
1186 863 1244 908 ne-

166 932 250 1011 gotia
266 949 321 992 sua
337 941 422 1010 egat,
448 949 488 991 ex
504 931 573 990 eius
588 949 722 1009 persona
738 931 771 990 in
792 930 951 1014 integrum
968 934 1092 994 restitui
1107 950 1170 992 non
1186 950 1243 1010 po·
1262 945 1277 989 o

126 1019 145 1078 3
165 1025 244 1095 test,
273 1017 333 1077 nisi
357 1017 459 1076 minor
483 1035 540 1077 sua
566 1025 675 1096 sponte
701 1021 836 1098 negotiis
858 1021 928 1082 eius
950 1018 1170 1081 interuenerit.
1210 1017 1244 1078 Si

165 1103 267 1164 maior
282 1101 411 1163 effectus
426 1121 503 1180 rem,
523 1120 617 1180 quam
634 1101 735 1162 minor
751 1108 830 1184 egit,
848 1115 937 1187 pacto
952 1106 1004 1167 uel
1020 1104 1143 1166 silentio
1159 1121 1244 1163 oom-

166 1187 332 1268 probauit,
361 1186 514 1249 aduersus
537 1188 595 1249 hoc
611 1205 737 1267 quoque
761 1193 794 1251 iu
810 1193 967 1271 integrum
988 1191 1112 1251 restitui
1128 1187 1244 1249 frustra

128 1273 337 1335 ldesiderat.
377 1274 410 1335 Si
431 1274 535 1334 minor
556 1274 670 1334 minori
692 1275 785 1338 heres
801 1279 933 1352 existat,
959 1296 998 1338 ex
1018 1293 1075 1337 sua
1095 1291 1241 1355 persona,

112 1363 148 1421 ll
164 1379 229 1421 non
253 1379 294 1420 ex
316 1359 457 1420 defuncti
479 1361 512 1420 in
528 1361 687 1438 integrum
709 1364 833 1424 restitui
848 1373 961 1443 potest.
1000 1361 1054 1423 *Si
1076 1361 1178 1421 minor
1192 1359 1243 1421 ui·
1262 1371 1292 1416 to

166 1445 267 1526 *giuti
287 1447 430 1525 quinque
445 1447 537 1506 annis
553 1446 616 1506 lilio
632 1444 765 1510 familias
781 1450 895 1509 minori
914 1449 1080 1529 pecuniam
1095 1444 1242 1522 credidit,

165 1531 297 1592 *melior
327 1541 376 1592 est
401 1550 494 1592 causa
516 1536 745 1611 consumentis,
776 1536 838 1596 nisi
859 1535 1044 1614 locupletior
1060 1552 1101 1593 ex
1114 1533 1173 1593 hoo
1193 1532 1245 1592 in-

111 1613 146 1680 lb
164 1617 334 1678 *ueniatur
355 1617 419 1678 litis
439 1625 627 1679 contestatae
648 1627 791 1700 tempore
812 1622 840 1681 is
861 1621 917 1700 qui
939 1621 1070 1698 accepit.
1109 1618 1245 1678 Minores

164 1703 213 1765 *si
240 1704 273 1764 in
302 1703 439 1764 iudicem
467 1705 750 1784 compromiserunt
772 1717 803 1768 et
825 1716 928 1768 tutore
949 1715 1076 1766 anctore
1101 1702 1244 1782 stipulati

164 1788 270 1864 *sunt
289 1789 404 1870 integri
415 1789 644 1850 restitutionem
656 1791 811 1854 aduersus
825 1793 919 1854 talem
934 1791 1157 1871 obligationem
1171 1789 1242 1850 iure
1263 1799 1293 1846 te

93 1894 94 1903 ¹
125 1877 144 1936 5
165 1873 401 1938 *desiderant*
437 1876 535 1936 Minor
557 1894 591 1937 se
614 1876 645 1936 in
663 1879 729 1955 his,
753 1897 834 1958 quae
856 1877 1012 1940 fideiussit
1030 1875 1084 1938 uel
1106 1873 1245 1953 fidepro·

165 1963 252 2022 misit
267 1962 320 2022 uel
341 1959 509 2040 spopondit
532 1961 586 2022 uel
608 1963 787 2042 mandauit,
812 1965 845 2024 in
868 1965 1026 2042 integrum
1048 1957 1245 2022 restituendo

112 2050 146 2108 5³
165 2067 255 2110 reum
276 2047 483 2127 principalem
499 2065 561 2108 non
576 2046 700 2110 liberat.
733 2049 852 2112 *Minor
871 2049 1015 2112 ancillam
1030 2045 1194 2110 uendidit:
1218 2045 1245 2106 si

164 2131 255 2194 *eam
271 2142 393 2213 emptor
407 2133 643 2212 manumiserit,
668 2134 709 2196 ob
728 2137 787 2198 hoo
809 2137 841 2196 in
857 2135 1015 2214 integrum
1037 2132 1162 2196 restitui
1183 2149 1246 2194 non

165 2217 310 2299 *poterit
330 2217 387 2280 sed
402 2218 557 2280 aduersus
573 2230 745 2299 emptorem
757 2222 868 2301 quanti
879 2239 936 2282 sua
947 2221 1081 2280 interest
1091 2219 1246 2279 actionem
1264 2227 1295 2273 to

109 2299 145 2364 5¹³
164 2303 324 2366 *habebit
348 2305 461 2366 Mulier
472 2305 575 2366 minor
587 2306 700 2384 uiginti
710 2309 853 2388 quinque
866 2307 958 2368 annis
970 2307 997 2367 si
1008 2305 1152 2386 pactione
1164 2301 1247 2364 dotis

164 2391 322 2452 *deterior
336 2389 477 2452 condicio
494 2391 564 2452 eius
582 2391 635 2451 fiat
651 2403 681 2453 et
695 2394 756 2454 tale
772 2401 898 2472 pactum
914 2392 1033 2469 inierit,
1051 2389 1136 2470 quod
1151 2408 1247 2450 num-

164 2476 280 2556 *quam
297 2477 423 2538 maioris
443 2477 553 2537 aetatis
568 2480 756 2539 constitutae
776 2479 1031 2558 paciscerentur,
1055 2487 1151 2555 atque
1174 2474 1246 2536 ideo

125 2566 144 2622 6
162 2560 332 2624 *reuocare
345 2563 434 2640 uelit,
453 2560 610 2624 audienda
627 2563 708 2625 est*
730 2564 791 2636 Qui
807 2565 911 2626 sciens
923 2562 1131 2643 prudensque
1142 2580 1177 2622 se
1189 2579 1246 2640 pro

163 2650 287 2709 minore
299 2647 461 2728 obligauit,
480 2649 507 2709 si
519 2647 552 2708 id
563 2650 703 2711 consulto
715 2650 844 2712 oonsilio
856 2648 940 2727 lecit,
959 2649 1034 2709 licet
1044 2648 1158 2708 minori
1173 2665 1247 2707 suc-
1265 2657 1296 2704 at

125 2735 144 2795 7
164 2744 322 2812 curratur,
341 2735 401 2814 ipsi
415 2743 520 2794 tamen
536 2753 599 2795 uon
614 2746 829 2797 succurretur.
868 2735 968 2796 Minor
982 2733 1140 2796 aduersus
1156 2750 1247 2810 emp-

162 2831 262 2881 torem
279 2821 312 2879 in
328 2820 484 2900 integrum
498 2821 663 2882 restitutus
678 2823 779 2902 pretio
791 2822 936 2882 restituto
950 2818 1086 2881 lundum
1102 2818 1247 2897 recipere

162 2915 282 2987 potest:
319 2904 441 2968 fructus
467 2907 553 2967 enim
580 2908 612 2968 in
639 2908 925 2987 compensationem
951 2923 1121 2967 usurarum
1148 2919 1247 2982 penes

124 2993 143 3051 8
163 3002 338 3072 emptorem
365 3010 530 3053 remanere
553 2992 682 3071 placuit.
717 2994 827 3065 ¹Minor
848 2992 1002 3056 aduersus
1024 2989 1247 3052 distractiones

163 3096 272 3140 eorum
294 3078 462 3157 pignorum
484 3087 514 3138 et
537 3076 741 3155 fiduciarum,
766 3080 845 3158 quas
865 3087 955 3158 pater
982 3075 1195 3154 obligauerat,
1219 3072 1247 3134 si
1265 3083 1296 3131 tt

162 3182 226 3225 non
242 3165 284 3225 ita
299 3173 335 3224 ut
350 3163 486 3243 oportuit
508 3182 525 3224 a
542 3163 700 3225 creditore
716 3163 882 3226 distractae
898 3164 980 3241 sint,
1005 3162 1131 3224 restitui
1146 3161 1179 3221 in
1196 3159 1248 3219 in-

161 3260 288 3332 tegrum
303 3258 418 3330 potest.
520 3255 522 3262 '

165 3421 186 3432 tt
194 3421 239 3432 ΛΛΛ
247 3419 533 3432 ΝΑΑΛΛΛΝἿΛΛΑ-ννκκιννκ
543 3419 596 3432 mmlx
608 3419 660 3431 υυυκ
672 3421 677 3430 x
688 3419 878 3432 υυχιυυυυαυιωυ
890 3420 905 3430 rx
913 3419 928 3429 υ
938 3419 975 3430 (vx)
987 3418 1018 3429 ΑΛ
1026 3413 1230 3428 κΛΛΛΛΛΙυιΛΛΛΑΛ
1238 3414 1244 3421 =

233 3505 666 3568 caocteanrpeestpr.
691 3505 703 3567 t
728 3501 1084 3568 e,t·.tb=nt9.t,t‚et
1109 3501 1121 3565 ι
1145 3503 1246 3560 tte

164 3575 406 3640 neq.t‚t,tspr.
432 3572 444 3636 tt
468 3577 493 3636 o,
507 3575 545 3626 ta.
560 3571 709 3638 abaco.
725 3577 750 3634 t,
766 3575 790 3634 t,
806 3575 918 3635 tete

140 3705 142 3712 ⁴
163 3713 175 3724 rx
192 3711 262 3726 ιυνκΛ
558 3710 605 3722 υνυ
782 3704 1244 3722 υκΛΛΛΛΛΛΜΑΛΛΝυκΛΛΛΛΝνκΛΝνννν

231 3834 361 3897 tuiglnti
375 3869 383 3884 .
398 3869 405 3884 .
423 3844 578 3884 .annorum
591 3831 677 3882 cml,
711 3829 723 3894 ll
759 3830 867 3880 taisi.
884 3865 890 3879 .
906 3866 913 3882 .
928 3826 1114 3891 interuenera't]
1137 3826 1248 3891 quodsi

161 3903 253 3954 minor
270 3901 460 3965 senogallia
477 3901 588 3952 maioris
607 3901 794 3960 interemerit,
814 3897 999 3948 restituendus
1016 3897 1078 3958 erit,
1097 3909 1131 3946 ne
1151 3897 1248 3948 melori

160 3971 293 4022 damnum
305 3969 414 4022 accidat
425 3970 498 4033 Diffi,
517 3970 562 4020 obt
579 3981 646 4031 poce
661 3973 805 4030 secuuntur
817 3980 869 4018 noa
881 3968 1070 4018 redemtorem
1080 3967 1125 4016 rod
1138 3965 1199 4016 titre·
1213 3961 1253 4016 XI

158 4042 194 4092 od
206 4041 319 4092 edictum
330 4043 466 4090 asserente
478 4040 604 4090 ittdlcoml
620 4037 740 4090 cuneos
766 4036 777 4099 ΙΙ
807 4039 821 4086 ‘l
840 4037 920 4100 pecto
931 4035 1040 4094 coctiora.
1053 4033 1125 4086 laeto
1140 4031 1250 4090 Mittan-

159 4109 251 4160 toros
284 4109 295 4172 ll
328 4103 453 4166 texti,
466 4107 593 4160 hereses
606 4107 669 4158 tlte
700 4105 711 4169 l
745 4108 777 4154 to
795 4105 824 4154 ln
837 4102 971 4168 hisquae]
986 4102 1142 4167 inidquod
1155 4101 1216 4166 Dio.
1240 4097 1251 4167 ΙΙ

160 4182 191 4226 tt
211 4178 263 4242 ipsi
276 4179 349 4239 dett,
364 4178 422 4242 ipse
435 4177 483 4226 ML
508 4175 519 4239 l
544 4179 572 4224 at
596 4177 650 4224 sint
663 4173 700 4236 M,
714 4174 810 4225 suntl
1300 4207 1303 4216 .
