3028 4830
291 325 419 389 le.t.5
682 355 769 368 ...-
814 324 852 385 10
896 355 983 374 ...c-
1078 326 1079 330 ’

567 511 608 592 [rr
652 529 688 572 ns
710 529 757 572 nis
780 531 828 585 ou
851 529 896 572 sn
919 530 995 574 44440
1017 511 1100 592 444444

256 630 268 688 4
378 632 434 694 Sui
450 632 527 692 iuris
543 641 616 692 sunt
631 629 820 692 familiarum
836 649 966 692 suarum
981 631 1151 712 principes,
1177 629 1210 692 id
1225 639 1271 692 est
1285 639 1377 711 pater

255 715 273 777 4
293 717 427 779 familiae
450 719 591 797 itemque
615 726 714 778 mater
736 715 884 778 familiae.
925 717 986 790 Qui
1007 725 1105 778 matre
1130 715 1260 796 quidem
1278 725 1372 793 certa,

292 813 382 884 patre
397 812 502 866 autem
518 803 636 864 incerto
651 804 718 864 nati
733 812 818 882 sunt,
828 803 939 884 spurii
955 803 1166 883 appellantur.

537 989 566 1072 [4
609 1011 646 1053 nn
668 1011 715 1052 n1s
739 1010 788 1064 er
811 1010 841 1052 444
862 1009 1023 1052 4044404444
1048 989 1131 1072 svm]
1395 1005 1410 1050 5

258 1113 269 1170 4
379 1113 413 1173 In
435 1119 589 1191 potestate
612 1120 687 1174 sunt
706 1111 800 1173 liberi
822 1121 990 1192 parentum
1015 1129 1058 1172 ecc
1081 1113 1162 1172 iusto
1178 1113 1376 1173 matrimonio

294 1198 368 1259 nati.

255 1285 274 1345 4
378 1284 497 1344 lustum
518 1283 752 1344 matrimonium
774 1291 839 1361 est,
864 1284 891 1344 si
913 1284 998 1344 inter
1020 1284 1143 1363 eosqui
1160 1283 1285 1360 nuptias
1302 1302 1377 1346 con-

293 1371 424 1430 trahunt
444 1368 614 1431 conubium
636 1370 694 1448 sit,
719 1378 751 1430 et
772 1378 835 1432 tam
855 1369 1012 1432 masculus
1031 1368 1134 1449 pubes
1150 1387 1244 1449 quam
1260 1367 1376 1431 lomina

293 1463 406 1536 potens
421 1457 471 1533 sit,
491 1463 522 1515 at
535 1455 664 1534 utrique
681 1457 889 1534 consentiant,
907 1455 934 1518 si
949 1455 999 1516 sui
1016 1455 1093 1516 iuris
1108 1464 1194 1533 sunt,
1213 1456 1377 1516 autetiam
1397 1469 1428 1514 44

255 1543 273 1602 3
293 1550 441 1622 parentes
465 1559 590 1619 eorum,
617 1542 644 1602 si
668 1542 701 1602 in
717 1549 871 1621 potestate
888 1550 973 1603 sunt.
1015 1540 1191 1602 Conubium
1207 1549 1255 1602 est
1270 1543 1378 1602 uxoris

257 1630 274 1688 4
294 1629 361 1689 iure
377 1625 542 1688 ducendae
559 1625 701 1690 facultas.
735 1627 911 1688 Conubium
925 1626 1044 1688 habent
1058 1628 1144 1688 ciues
1160 1628 1290 1688 Romani
1306 1647 1378 1690 oum

293 1712 419 1776 ciuibus
441 1713 606 1774 Romanis:
640 1733 712 1774 cum
734 1713 850 1774 Latinis
872 1721 978 1774 autem
1002 1722 1034 1774 et
1055 1713 1233 1793 peregrinis
1258 1715 1318 1792 ita,
1352 1715 1378 1774 si

213 1797 232 1856 5
258 1803 275 1860 6
293 1818 477 1862 concessum
493 1800 544 1860 sit.
585 1799 663 1860 Cum
680 1800 783 1860 seruis
798 1799 922 1860 nullum
938 1807 986 1860 est
1000 1798 1181 1860 conubium.
1221 1801 1307 1860 Inter
1323 1818 1380 1879 pa-

294 1895 400 1948 rentes
410 1893 452 1946 et
474 1883 603 1952 liberos,
614 1885 736 1945 infinite
753 1885 981 1964 cuiuscumque
998 1884 1114 1966 gradus
1130 1887 1192 1946 siot
1208 1885 1380 1948 conubium
1399 1899 1429 1944 44

283 1991 357 2033 -non
373 1980 431 2032 est.
468 1971 552 2031 inter
567 1979 712 2050 cognatos
726 1980 832 2032 autem
848 1989 888 2032 ex
903 1979 1086 2032 transuerso
1101 1969 1201 2051 gradu
1216 1972 1291 2032 olim
1307 1973 1381 2051 qui-

294 2057 366 2119 dem
390 2075 493 2136 usque
509 2054 550 2118 nd
565 2066 714 2135 quartum
729 2056 859 2136 gradum
875 2058 1072 2118 matrimonia
1088 2058 1229 2118 contrahi
1244 2076 1307 2118 non
1323 2076 1380 2137 po-

294 2151 417 2206 terant:
443 2160 529 2203 nunc
550 2151 656 2204 autem
677 2143 770 2204 etiam
795 2161 835 2203 ex
855 2144 947 2203 tertio
967 2141 1068 2222 gradu
1083 2143 1157 2204 licet
1172 2163 1303 2206 uxorem
1319 2143 1381 2206 du-

295 2248 383 2306 cere,
409 2227 467 2290 sed
487 2236 609 2288 tantum
625 2227 733 2290 fratris
749 2228 862 2305 filiam,
889 2247 953 2288 non
969 2229 1063 2290 etiam
1079 2230 1195 2290 sororis
1210 2228 1304 2290 filiam
1326 2239 1381 2291 aut

295 2315 423 2375 amitam
445 2313 498 2374 uel
521 2323 732 2392 materteram,
760 2315 907 2394 quamuis
930 2313 1042 2376 eodem
1064 2313 1163 2395 gradu
1185 2315 1260 2376 sint.
1297 2334 1378 2393 eam,
1400 2327 1429 2372 44

296 2419 377 2480 quae
400 2417 536 2460 nouerca
557 2400 611 2461 uel
631 2401 778 2480 priuigna
801 2401 854 2461 uel
875 2419 975 2462 nurus
993 2401 1046 2462 uel
1061 2419 1168 2462 socrus
1183 2410 1291 2462 nostra
1307 2400 1378 2480 luit,

258 2481 277 2544 7
295 2505 426 2570 umorem
450 2483 569 2546 ducere
591 2504 653 2547 non
676 2504 853 2566 possumus.
895 2487 929 2546 Si
944 2488 1017 2566 quis
1033 2505 1102 2547 eam
1118 2505 1212 2566 qnam
1228 2487 1383 2548 nonlicet

296 2590 427 2633 uxorem
443 2569 588 2650 duxerit,
615 2572 771 2632 incestum
794 2573 1028 2634 matrimonium
1046 2573 1218 2634 contrahit:
1244 2573 1382 2653 ideoque

296 2657 389 2720 liberi
410 2657 443 2718 in
465 2665 615 2737 potestate
639 2658 707 2718 eius
728 2676 791 2718 non
814 2658 911 2737 fiunt,
936 2657 993 2720 sed
1015 2660 1106 2738 quasi
1126 2659 1222 2739 uulgo
1238 2660 1382 2739 concepti

296 2743 397 2824 spurii
413 2752 499 2804 sunt.
567 2759 568 2763 ’
1401 2756 1429 2800 44

259 2829 277 2886 8
383 2828 523 2892 Conubia
546 2829 779 2890 interueniente
794 2827 887 2890 liberi
903 2849 1029 2910 semper
1042 2839 1166 2910 patrem
1181 2841 1378 2910 sequuntur:
1440 2857 1444 2870 ·

296 2935 359 2977 non
382 2916 620 2996 interueniente,
636 2914 770 2976 conubio
792 2917 901 2977 matris
924 2914 1103 2978 condicioni
1123 2915 1295 2996 accedunt,
1325 2936 1383 2978 ex-

297 3011 388 3082 cepto
411 3022 446 3064 eo
468 3003 523 3081 qui
547 3021 587 3063 ex
601 3001 770 3081 peregrino
786 3010 817 3062 et
832 3003 903 3063 ciue
920 3003 1056 3064 Romana
1072 3003 1262 3083 peregrinus
1278 3003 1383 3064 nasci-

296 3098 364 3166 tur,
390 3089 538 3168 quoniam
562 3087 615 3149 lex
629 3088 751 3148 Minicia
767 3106 807 3148 ex
822 3087 973 3150 alterutro
987 3090 1154 3169 peregrino
1169 3097 1277 3149 natum
1292 3088 1382 3150 dete-

258 3173 277 3232 9
297 3176 390 3235 rioris
405 3174 548 3254 parentis
564 3172 778 3235 condicionem
793 3174 884 3253 sequi
900 3173 999 3236 iubet.
1039 3176 1084 3235 Ex
1106 3175 1176 3236 ciue
1193 3174 1329 3236 Romano
1352 3183 1382 3234 et
1400 3183 1428 3228 ³⁰

512 3311 753 3323 tvxtvvmrvmtvvvawu
758 3311 808 3322 «Νψ
813 3307 1381 3326 ιωιυκΛΛΝΝΛΛΛΛΛΛΛΝΝΛΜΙνᾺΛΛΛΛΛΝΧΛΛΛΛἉ

365 3383 472 3430 400440
491 3379 579 3430 04440
611 3374 622 3444 44
657 3376 717 3442 544
731 3381 779 3428 447
799 3392 833 3428 cc
845 3379 919 3429 titolo
937 3379 971 3429 de
989 3380 1090 3444 nuptiis
1107 3383 1237 3442 aeecrpsit
1252 3381 1328 3442 0044,
1348 3380 1381 3443 cf.

266 3445 268 3450 '
294 3447 448 3510 444004444
474 3445 484 3514 44
509 3447 655 3510 60444040
677 3443 687 3512 44
708 3446 843 3498 84444400
865 3443 875 3512 44
897 3445 1219 3514 ctamamasculoscl
1251 3452 1281 3498 44
1296 3463 1383 3500 conu-

297 3517 373 3566 bium
385 3532 419 3582 44
432 3516 534 3568 habent
549 3517 582 3567 04
604 3513 615 3580 44
639 3520 668 3564 45
683 3515 787 3566 infinite
800 3525 848 3566 om.
868 3516 931 3567 0044.
949 3514 960 3582 44
977 3518 1012 3567 sit
1028 3516 1102 3577 0044,
1116 3531 1166 3578 om.
1185 3518 1204 3568 0
1228 3514 1232 3584 4
1256 3521 1287 3576 48,
1301 3520 1383 3568 etiam

297 3599 347 3635 0444.
365 3585 427 3636 coll.
464 3582 474 3652 44
509 3589 540 3634 49
559 3587 663 3634 tantum
680 3584 754 3644 0044,,
774 3584 900 3634 4444440440
926 3582 936 3651 44
965 3584 1062 3637 iratres
1078 3586 1110 3637 04
1144 3583 1154 3652 44
1188 3586 1347 3638 44444440ηο
1374 3582 1385 3652 44

296 3653 352 3704 filia
374 3653 409 3714 0,
435 3667 485 3704 om.
508 3652 569 3704 0044.
606 3649 615 3721 44
650 3656 697 3703 aut
721 3656 804 3703 amita
827 3654 872 3703 uel
896 3657 1041 3704 matertera
1060 3653 1095 3716 0,
1121 3668 1173 3704 nec
1196 3657 1308 3706 amitam
1332 3669 1384 3706 nec

298 3724 472 3772 materteram
488 3722 541 3784 (-ra
557 3720 643 3772 Goll.w
659 3721 747 3784 Colle
765 3721 827 3772 0044.
857 3718 867 3786 44
897 3725 928 3770 44
949 3723 1003 3772 sint
1017 3722 1089 3784 0044,
1110 3723 1179 3775 sitc
1203 3720 1214 3788 44
1239 3738 1301 3775 eam
1313 3739 1383 3788 quae

300 3789 373 3852 0044,
393 3790 676 3855 eademqueuxoreG
709 3786 719 3856 44
755 3794 782 3839 44
805 3803 890 3840 nonus
907 3791 948 3851 6²,
968 3805 1039 3855 quae
1057 3805 1142 3842 nurus
1158 3792 1221 3843 0044.
1252 3790 1261 3859 44
1290 3796 1383 3844 nostra

298 3872 347 3908 om.
365 3857 426 3910 0044.
451 3855 462 3925 44
485 3863 517 3908 44
529 3873 644 3909 uxorem
660 3859 734 3918 0044,
749 3871 798 3909 om.
818 3858 892 3921 0404.
908 3860 942 3908 044
953 3873 980 3909 u.
996 3861 1037 3922 444
1063 3857 1074 3926 44
1097 3863 1128 3908 44
1144 3861 1183 3911 eis
1199 3861 1261 3912 0044.
1281 3857 1291 3926 44
1317 3875 1385 3912 con·

298 3929 422 3991 concepti
445 3928 477 3978 ca
556 3931 587 3976 45
611 3929 699 3992 sperei
721 3927 768 3988 0²,
789 3929 881 3992 spurci
903 3925 935 3979 Cb
975 3927 985 3994 44
1027 3932 1058 3977 44
1078 3929 1228 3980 conubium
1246 3945 1280 3979 *a
1298 3931 1384 3981 inter-

297 3996 489 4047 uenientemC
543 4001 574 4046 44
596 3997 752 4047 conditione
767 3995 787 4046 0
808 3992 818 4062 44
842 4001 873 4046 48
894 3997 935 4060 eo]
950 4011 1013 4047 eum
1029 3997 1049 4048 0
1070 3994 1080 4063 44
1105 4002 1135 4047 44
1149 4001 1308 4062 quoniam*
1325 4000 1384 4061 444044

298 4064 419 4183 odopilex
434 4062 498 4184 04044
522 4067 633 4116 minicia
649 4065 706 4116 004.
723 4071 747 4127 4,
761 4067 805 4125 74,
820 4067 925 4116 mensia
941 4066 961 4117 0
982 4063 993 4132 44
1019 4068 1082 4116 nato
1095 4067 1243 4118 deteriores
1255 4071 1384 4132 parentes

299 4146 350 4183 oon
372 4135 455 4184 itione
855 4155 858 4164 f
