<?xml version="1.0" encoding="UTF-8"?>
<!DOCTYPE html PUBLIC "-//W3C//DTD XHTML 1.0 Transitional//EN"
    "http://www.w3.org/TR/xhtml1/DTD/xhtml1-transitional.dtd">
<html xmlns="http://www.w3.org/1999/xhtml" xml:lang="en" lang="en">
 <head>
  <title>
</title>
<meta http-equiv="Content-Type" content="text/html;charset=utf-8" />
  <meta name='ocr-system' content='tesseract 3.04.00' />
  <meta name='ocr-capabilities' content='ocr_page ocr_carea ocr_par ocr_line ocrx_word'/>
</head>
<body>
  <div class='ocr_page' id='page_1' title='image "./ulpianilibersin00kruegoog_0044.png"; bbox 0 0 3028 4830; ppageno 0'>
   <div class='ocr_carea' id='block_1_1' title="bbox 536 349 1226 412">
    <p class='ocr_par' dir='ltr' id='par_1_1' title="bbox 536 349 1226 412">
     <span class='ocr_line' id='line_1_1' title="bbox 536 349 1226 412; baseline 0.003 -18"><span class='ocrx_word' id='word_1_1' title='bbox 536 380 622 394; x_wconf 87' lang='grc'><em>...-</em></span> <span class='ocrx_word' id='word_1_2' title='bbox 667 349 703 410; x_wconf 84' lang='lat'><strong>31</strong></span> <span class='ocrx_word' id='word_1_3' title='bbox 750 382 837 394; x_wconf 91' lang='grc'><strong>.-</strong></span> <span class='ocrx_word' id='word_1_4' title='bbox 1123 349 1180 412; x_wconf 79' lang='lat' dir='ltr'><strong>l&#39;lp.</strong></span> <span class='ocrx_word' id='word_1_5' title='bbox 1196 351 1226 397; x_wconf 85' lang='grc'><strong>24</strong></span> 
     </span>
    </p>
   </div>
   <div class='ocr_carea' id='block_1_2' title="bbox 77 536 1281 3436">
    <p class='ocr_par' dir='ltr' id='par_1_2' title="bbox 77 536 1231 878">
     <span class='ocr_line' id='line_1_2' title="bbox 78 536 1229 620; baseline -0.002 -19"><span class='ocrx_word' id='word_1_6' title='bbox 78 541 119 601; x_wconf 91' lang='grc'><strong>22</strong></span> <span class='ocrx_word' id='word_1_7' title='bbox 140 561 157 601; x_wconf 89' lang='grc'><strong>4</strong></span> <span class='ocrx_word' id='word_1_8' title='bbox 182 548 273 620; x_wconf 88' lang='lat' dir='ltr'><strong>patre</strong></span> <span class='ocrx_word' id='word_1_9' title='bbox 289 555 395 617; x_wconf 89' lang='lat' dir='ltr'><strong>neque</strong></span> <span class='ocrx_word' id='word_1_10' title='bbox 418 557 435 598; x_wconf 89' lang='lat' dir='ltr'><strong>a</strong></span> <span class='ocrx_word' id='word_1_11' title='bbox 458 536 584 598; x_wconf 92' lang='lat' dir='ltr'><strong>domino</strong></span> <span class='ocrx_word' id='word_1_12' title='bbox 609 537 705 616; x_wconf 82' lang='lat' dir='ltr'><strong>legari</strong></span> <span class='ocrx_word' id='word_1_13' title='bbox 729 546 841 617; x_wconf 92' lang='lat' dir='ltr'><strong>potest.</strong></span> <span class='ocrx_word' id='word_1_14' title='bbox 872 537 988 599; x_wconf 86' lang='lat' dir='ltr'><strong>Herodi</strong></span> <span class='ocrx_word' id='word_1_15' title='bbox 1010 548 1144 600; x_wconf 89' lang='lat' dir='ltr'><strong>asemet</strong></span> <span class='ocrx_word' id='word_1_16' title='bbox 1162 539 1229 617; x_wconf 93' lang='lat' dir='ltr'><strong>ipso</strong></span> 
     </span>
     <span class='ocr_line' id='line_1_3' title="bbox 77 624 1231 706; baseline -0.002 -20"><span class='ocrx_word' id='word_1_17' title='bbox 77 627 118 687; x_wconf 91' lang='grc'><strong>23</strong></span> <span class='ocrx_word' id='word_1_18' title='bbox 140 626 239 706; x_wconf 80' lang='lat' dir='ltr'><strong>legari</strong></span> <span class='ocrx_word' id='word_1_19' title='bbox 252 643 315 686; x_wconf 90' lang='lat' dir='ltr'><strong>non</strong></span> <span class='ocrx_word' id='word_1_20' title='bbox 330 633 445 705; x_wconf 89' lang='lat' dir='ltr'><strong>potest.</strong></span> <span class='ocrx_word' id='word_1_21' title='bbox 484 624 538 701; x_wconf 90' lang='lat' dir='ltr'><strong>Ei,</strong></span> <span class='ocrx_word' id='word_1_22' title='bbox 558 624 660 702; x_wconf 92' lang='lat' dir='ltr'><strong>quiin</strong></span> <span class='ocrx_word' id='word_1_23' title='bbox 682 632 835 702; x_wconf 82' lang='lat' dir='ltr'><strong>potestate</strong></span> <span class='ocrx_word' id='word_1_24' title='bbox 851 641 947 686; x_wconf 89' lang='lat' dir='ltr'><strong>manu</strong></span> <span class='ocrx_word' id='word_1_25' title='bbox 969 625 1166 704; x_wconf 89' lang='lat' dir='ltr'><strong>mancipioue</strong></span> <span class='ocrx_word' id='word_1_26' title='bbox 1184 635 1231 685; x_wconf 89' lang='lat' dir='ltr'><strong>est</strong></span> 
     </span>
     <span class='ocr_line' id='line_1_4' title="bbox 140 708 1224 791; baseline -0.003 -18"><span class='ocrx_word' id='word_1_27' title='bbox 140 710 253 791; x_wconf 91' lang='lat' dir='ltr'><strong>scripti</strong></span> <span class='ocrx_word' id='word_1_28' title='bbox 268 709 412 787; x_wconf 82' lang='lat' dir='ltr'><strong>herediS,</strong></span> <span class='ocrx_word' id='word_1_29' title='bbox 432 708 493 770; x_wconf 90' lang='lat' dir='ltr'><strong>sub</strong></span> <span class='ocrx_word' id='word_1_30' title='bbox 514 708 696 771; x_wconf 86' lang='lat' dir='ltr'><strong>condicione</strong></span> <span class='ocrx_word' id='word_1_31' title='bbox 718 709 816 789; x_wconf 84' lang='lat' dir='ltr'><strong>legari</strong></span> <span class='ocrx_word' id='word_1_32' title='bbox 832 717 952 789; x_wconf 87' lang='lat' dir='ltr'><strong>potest,</strong></span> <span class='ocrx_word' id='word_1_33' title='bbox 978 719 1014 772; x_wconf 90' lang='lat' dir='ltr'><strong>ut</strong></span> <span class='ocrx_word' id='word_1_34' title='bbox 1035 711 1224 790; x_wconf 83' lang='lat' dir='ltr'><strong>requiratur,</strong></span> 
     </span>
     <span class='ocr_line' id='line_1_5' title="bbox 140 794 1226 878; baseline -0.004 -19"><span class='ocrx_word' id='word_1_35' title='bbox 140 817 205 878; x_wconf 84' lang='lat' dir='ltr'><strong>quo</strong></span> <span class='ocrx_word' id='word_1_36' title='bbox 228 806 368 876; x_wconf 91' lang='lat' dir='ltr'><strong>tempore</strong></span> <span class='ocrx_word' id='word_1_37' title='bbox 384 795 453 856; x_wconf 91' lang='lat' dir='ltr'><strong>dies</strong></span> <span class='ocrx_word' id='word_1_38' title='bbox 475 795 568 873; x_wconf 78' lang='lat' dir='ltr'><strong>legati</strong></span> <span class='ocrx_word' id='word_1_39' title='bbox 591 794 686 873; x_wconf 81' lang='lat' dir='ltr'><strong>cedit,</strong></span> <span class='ocrx_word' id='word_1_40' title='bbox 711 796 744 854; x_wconf 92' lang='lat' dir='ltr'><strong>in</strong></span> <span class='ocrx_word' id='word_1_41' title='bbox 765 803 920 874; x_wconf 86' lang='lat' dir='ltr'><strong>potestate</strong></span> <span class='ocrx_word' id='word_1_42' title='bbox 942 795 1069 858; x_wconf 90' lang='lat' dir='ltr'><strong>heredis</strong></span> <span class='ocrx_word' id='word_1_43' title='bbox 1092 797 1226 857; x_wconf 90' lang='lat' dir='ltr'><strong>nonsit.</strong></span> 
     </span>
    </p>

    <p class='ocr_par' dir='ltr' id='par_1_3' title="bbox 80 882 1263 1048">
     <span class='ocr_line' id='line_1_6' title="bbox 80 882 1263 966; baseline -0.006 -22"><span class='ocrx_word' id='word_1_44' title='bbox 80 886 120 944; x_wconf 84' lang='grc'><strong>24</strong></span> <span class='ocrx_word' id='word_1_45' title='bbox 141 885 195 961; x_wconf 87' lang='grc' dir='ltr'><strong>Εἰ,</strong></span> <span class='ocrx_word' id='word_1_46' title='bbox 222 883 312 944; x_wconf 92' lang='lat' dir='ltr'><strong>cuius</strong></span> <span class='ocrx_word' id='word_1_47' title='bbox 328 883 360 942; x_wconf 93' lang='lat' dir='ltr'><strong>in</strong></span> <span class='ocrx_word' id='word_1_48' title='bbox 383 890 535 962; x_wconf 89' lang='lat' dir='ltr'><strong>potestate</strong></span> <span class='ocrx_word' id='word_1_49' title='bbox 559 899 653 942; x_wconf 90' lang='lat' dir='ltr'><strong>manu</strong></span> <span class='ocrx_word' id='word_1_50' title='bbox 674 882 873 961; x_wconf 88' lang='lat' dir='ltr'><strong>mancipioue</strong></span> <span class='ocrx_word' id='word_1_51' title='bbox 894 891 942 944; x_wconf 91' lang='lat' dir='ltr'><strong>est</strong></span> <span class='ocrx_word' id='word_1_52' title='bbox 963 882 1055 944; x_wconf 90' lang='lat' dir='ltr'><strong>heres</strong></span> <span class='ocrx_word' id='word_1_53' title='bbox 1079 883 1225 966; x_wconf 89' lang='lat' dir='ltr'><strong>scriptus,</strong></span> <span class='ocrx_word' id='word_1_54' title='bbox 1249 895 1263 937; x_wconf 81' lang='grc'><strong>4</strong></span> 
     </span>
     <span class='ocr_line' id='line_1_7' title="bbox 141 966 478 1048; baseline -0.009 -18"><span class='ocrx_word' id='word_1_55' title='bbox 141 970 241 1048; x_wconf 81' lang='lat' dir='ltr'><strong>legari</strong></span> <span class='ocrx_word' id='word_1_56' title='bbox 261 966 346 1048; x_wconf 83' lang='lat' dir='ltr'><strong>[non]</strong></span> <span class='ocrx_word' id='word_1_57' title='bbox 365 976 478 1047; x_wconf 91' lang='lat' dir='ltr'><strong>potest.</strong></span> 
     </span>
    </p>

    <p class='ocr_par' dir='ltr' id='par_1_4' title="bbox 79 1052 1280 1478">
     <span class='ocr_line' id='line_1_8' title="bbox 79 1052 1231 1134; baseline -0.001 -19"><span class='ocrx_word' id='word_1_58' title='bbox 79 1056 121 1115; x_wconf 87' lang='grc'><strong>25</strong></span> <span class='ocrx_word' id='word_1_59' title='bbox 230 1055 317 1115; x_wconf 92' lang='lat' dir='ltr'><strong>Sicut</strong></span> <span class='ocrx_word' id='word_1_60' title='bbox 340 1053 482 1134; x_wconf 80' lang='lat' dir='ltr'><strong>singulae</strong></span> <span class='ocrx_word' id='word_1_61' title='bbox 499 1071 549 1114; x_wconf 89' lang='lat' dir='ltr'><strong>res</strong></span> <span class='ocrx_word' id='word_1_62' title='bbox 572 1052 671 1132; x_wconf 84' lang='lat' dir='ltr'><strong>legari</strong></span> <span class='ocrx_word' id='word_1_63' title='bbox 686 1061 835 1132; x_wconf 92' lang='lat' dir='ltr'><strong>possunt,</strong></span> <span class='ocrx_word' id='word_1_64' title='bbox 855 1053 895 1114; x_wconf 88' lang='lat' dir='ltr'><strong>ita</strong></span> <span class='ocrx_word' id='word_1_65' title='bbox 912 1054 1135 1116; x_wconf 90' lang='lat' dir='ltr'><strong>uniuersarum</strong></span> <span class='ocrx_word' id='word_1_66' title='bbox 1151 1073 1231 1134; x_wconf 90' lang='lat' dir='ltr'><strong>quo-</strong></span> 
     </span>
     <span class='ocr_line' id='line_1_9' title="bbox 142 1138 1229 1220; baseline 0.001 -20"><span class='ocrx_word' id='word_1_67' title='bbox 142 1161 206 1220; x_wconf 87' lang='lat' dir='ltr'><strong>que</strong></span> <span class='ocrx_word' id='word_1_68' title='bbox 223 1159 344 1201; x_wconf 90' lang='lat' dir='ltr'><strong>summa</strong></span> <span class='ocrx_word' id='word_1_69' title='bbox 358 1140 457 1219; x_wconf 82' lang='lat' dir='ltr'><strong>legari</strong></span> <span class='ocrx_word' id='word_1_70' title='bbox 473 1147 592 1219; x_wconf 91' lang='lat' dir='ltr'><strong>potest,</strong></span> <span class='ocrx_word' id='word_1_71' title='bbox 612 1148 647 1199; x_wconf 94' lang='lat' dir='ltr'><strong>ut</strong></span> <span class='ocrx_word' id='word_1_72' title='bbox 663 1148 738 1219; x_wconf 87' lang='lat' dir='ltr'><strong>puta</strong></span> <span class='ocrx_word' id='word_1_73' title='bbox 760 1138 814 1200; x_wconf 78' lang='lat' dir='ltr'><strong>hoc</strong></span> <span class='ocrx_word' id='word_1_74' title='bbox 829 1138 938 1201; x_wconf 89' lang='lat' dir='ltr'><strong>modo:</strong></span> <span class='ocrx_word' id='word_1_75' title='bbox 965 1159 1055 1200; x_wconf 75' lang='lat' dir='ltr'><strong>nunus</strong></span> <span class='ocrx_word' id='word_1_76' title='bbox 1077 1159 1150 1202; x_wconf 80' lang='lat' dir='ltr'><strong>urvs</strong></span> <span class='ocrx_word' id='word_1_77' title='bbox 1172 1161 1229 1201; x_wconf 83' lang='grc'><strong>4444</strong></span> 
     </span>
     <span class='ocr_line' id='line_1_10' title="bbox 142 1224 1230 1305; baseline 0.002 -19"><span class='ocrx_word' id='word_1_78' title='bbox 142 1229 230 1288; x_wconf 86' lang='lat' dir='ltr'><strong>Trrro</strong></span> <span class='ocrx_word' id='word_1_79' title='bbox 247 1245 448 1287; x_wconf 72' lang='lat' dir='ltr'><strong>nrnrnrrirnn</strong></span> <span class='ocrx_word' id='word_1_80' title='bbox 465 1244 546 1284; x_wconf 84' lang='grc'><strong>4444444</strong></span> <span class='ocrx_word' id='word_1_81' title='bbox 560 1243 724 1303; x_wconf 82' lang='grc'><strong>4444444044,</strong></span> <span class='ocrx_word' id='word_1_82' title='bbox 742 1243 893 1286; x_wconf 84' lang='lat' dir='ltr'><strong>nrvrnrro:</strong></span> <span class='ocrx_word' id='word_1_83' title='bbox 919 1244 981 1305; x_wconf 91' lang='lat' dir='ltr'><strong>quo</strong></span> <span class='ocrx_word' id='word_1_84' title='bbox 1006 1245 1080 1288; x_wconf 87' lang='lat' dir='ltr'><strong>casu</strong></span> <span class='ocrx_word' id='word_1_85' title='bbox 1101 1224 1230 1288; x_wconf 89' lang='lat' dir='ltr'><strong>dimidia</strong></span> 
     </span>
     <span class='ocr_line' id='line_1_11' title="bbox 141 1309 1280 1394; baseline -0.006 -21"><span class='ocrx_word' id='word_1_86' title='bbox 141 1331 215 1394; x_wconf 92' lang='lat' dir='ltr'><strong>pars</strong></span> <span class='ocrx_word' id='word_1_87' title='bbox 230 1312 383 1373; x_wconf 91' lang='lat' dir='ltr'><strong>bonorum</strong></span> <span class='ocrx_word' id='word_1_88' title='bbox 398 1312 499 1390; x_wconf 82' lang='lat' dir='ltr'><strong>legata</strong></span> <span class='ocrx_word' id='word_1_89' title='bbox 514 1309 655 1372; x_wconf 90' lang='lat' dir='ltr'><strong>uidetur.</strong></span> <span class='ocrx_word' id='word_1_90' title='bbox 681 1319 784 1390; x_wconf 89' lang='lat' dir='ltr'><strong>potest</strong></span> <span class='ocrx_word' id='word_1_91' title='bbox 798 1319 903 1372; x_wconf 88' lang='lat' dir='ltr'><strong>autern</strong></span> <span class='ocrx_word' id='word_1_92' title='bbox 917 1321 948 1372; x_wconf 89' lang='lat' dir='ltr'><strong>et</strong></span> <span class='ocrx_word' id='word_1_93' title='bbox 963 1311 1024 1372; x_wconf 90' lang='lat' dir='ltr'><strong>alia</strong></span> <span class='ocrx_word' id='word_1_94' title='bbox 1039 1331 1123 1392; x_wconf 86' lang='lat' dir='ltr'><strong>pars,</strong></span> <span class='ocrx_word' id='word_1_95' title='bbox 1142 1313 1230 1374; x_wconf 89' lang='lat' dir='ltr'><strong>uelut</strong></span> <span class='ocrx_word' id='word_1_96' title='bbox 1251 1310 1280 1368; x_wconf 83' lang='grc'><strong>44</strong></span> 
     </span>
     <span class='ocr_line' id='line_1_12' title="bbox 143 1396 1166 1478; baseline 0 -19"><span class='ocrx_word' id='word_1_97' title='bbox 143 1399 236 1460; x_wconf 88' lang='lat' dir='ltr'><strong>tertia</strong></span> <span class='ocrx_word' id='word_1_98' title='bbox 252 1399 304 1459; x_wconf 91' lang='lat' dir='ltr'><strong>uel</strong></span> <span class='ocrx_word' id='word_1_99' title='bbox 320 1407 442 1476; x_wconf 84' lang='lat' dir='ltr'><strong>quarta,</strong></span> <span class='ocrx_word' id='word_1_100' title='bbox 461 1396 571 1476; x_wconf 81' lang='lat' dir='ltr'><strong>legari.</strong></span> <span class='ocrx_word' id='word_1_101' title='bbox 604 1414 685 1476; x_wconf 88' lang='lat' dir='ltr'><strong>quae</strong></span> <span class='ocrx_word' id='word_1_102' title='bbox 701 1397 822 1476; x_wconf 90' lang='lat' dir='ltr'><strong>species</strong></span> <span class='ocrx_word' id='word_1_103' title='bbox 838 1399 966 1478; x_wconf 87' lang='lat' dir='ltr'><strong>partitio</strong></span> <span class='ocrx_word' id='word_1_104' title='bbox 982 1399 1166 1478; x_wconf 80' lang='lat' dir='ltr'><strong>appellatur.</strong></span> 
     </span>
    </p>

    <p class='ocr_par' dir='ltr' id='par_1_5' title="bbox 79 1483 1231 1649">
     <span class='ocr_line' id='line_1_13' title="bbox 79 1483 1231 1565; baseline 0 -19"><span class='ocrx_word' id='word_1_105' title='bbox 79 1487 121 1546; x_wconf 90' lang='grc'><strong>26</strong></span> <span class='ocrx_word' id='word_1_106' title='bbox 229 1483 435 1545; x_wconf 89' lang='lat' dir='ltr'><strong>Vsusfructus</strong></span> <span class='ocrx_word' id='word_1_107' title='bbox 456 1483 555 1563; x_wconf 81' lang='lat' dir='ltr'><strong>legari</strong></span> <span class='ocrx_word' id='word_1_108' title='bbox 569 1491 672 1562; x_wconf 92' lang='lat' dir='ltr'><strong>potest</strong></span> <span class='ocrx_word' id='word_1_109' title='bbox 689 1483 756 1544; x_wconf 92' lang='lat' dir='ltr'><strong>iure</strong></span> <span class='ocrx_word' id='word_1_110' title='bbox 773 1483 858 1544; x_wconf 90' lang='lat' dir='ltr'><strong>ciuili</strong></span> <span class='ocrx_word' id='word_1_111' title='bbox 882 1501 990 1544; x_wconf 90' lang='lat' dir='ltr'><strong>earum</strong></span> <span class='ocrx_word' id='word_1_112' title='bbox 1006 1503 1131 1562; x_wconf 91' lang='lat' dir='ltr'><strong>rerum,</strong></span> <span class='ocrx_word' id='word_1_113' title='bbox 1151 1503 1231 1565; x_wconf 88' lang='lat' dir='ltr'><strong>qua-</strong></span> 
     </span>
     <span class='ocr_line' id='line_1_14' title="bbox 143 1566 1230 1649; baseline 0.001 -18"><span class='ocrx_word' id='word_1_114' title='bbox 143 1590 214 1632; x_wconf 90' lang='lat' dir='ltr'><strong>rum</strong></span> <span class='ocrx_word' id='word_1_115' title='bbox 238 1570 325 1632; x_wconf 89' lang='lat' dir='ltr'><strong>salua</strong></span> <span class='ocrx_word' id='word_1_116' title='bbox 341 1569 519 1630; x_wconf 88' lang='lat' dir='ltr'><strong>substantio</strong></span> <span class='ocrx_word' id='word_1_117' title='bbox 541 1567 652 1630; x_wconf 87' lang='lat' dir='ltr'><strong>utendi</strong></span> <span class='ocrx_word' id='word_1_118' title='bbox 671 1566 796 1630; x_wconf 89' lang='lat' dir='ltr'><strong>fruendi</strong></span> <span class='ocrx_word' id='word_1_119' title='bbox 818 1577 1006 1649; x_wconf 89' lang='lat' dir='ltr'><strong>potestesse</strong></span> <span class='ocrx_word' id='word_1_120' title='bbox 1023 1569 1171 1632; x_wconf 83' lang='lat' dir='ltr'><strong>facultas:</strong></span> <span class='ocrx_word' id='word_1_121' title='bbox 1199 1582 1230 1632; x_wconf 90' lang='lat' dir='ltr'><strong>et</strong></span> 
     </span>
    </p>

    <p class='ocr_par' dir='ltr' id='par_1_6' title="bbox 79 1655 1281 2079">
     <span class='ocr_line' id='line_1_15' title="bbox 79 1655 1230 1736; baseline 0 -18"><span class='ocrx_word' id='word_1_122' title='bbox 79 1658 120 1718; x_wconf 88' lang='grc'><strong>27</strong></span> <span class='ocrx_word' id='word_1_123' title='bbox 142 1667 206 1718; x_wconf 88' lang='lat' dir='ltr'><strong>tam</strong></span> <span class='ocrx_word' id='word_1_124' title='bbox 229 1656 426 1736; x_wconf 83' lang='lat' dir='ltr'><strong>singularum</strong></span> <span class='ocrx_word' id='word_1_125' title='bbox 448 1673 553 1716; x_wconf 90' lang='lat' dir='ltr'><strong>rerum</strong></span> <span class='ocrx_word' id='word_1_126' title='bbox 576 1655 840 1733; x_wconf 86' lang='lat' dir='ltr'><strong>quamplurium,</strong></span> <span class='ocrx_word' id='word_1_127' title='bbox 866 1656 935 1716; x_wconf 86' lang='lat' dir='ltr'><strong>item</strong></span> <span class='ocrx_word' id='word_1_128' title='bbox 950 1657 1062 1734; x_wconf 81' lang='lat' dir='ltr'><strong>partis.</strong></span> <span class='ocrx_word' id='word_1_129' title='bbox 1096 1657 1230 1718; x_wconf 83' lang='lat' dir='ltr'><strong>Senatus</strong></span> 
     </span>
     <span class='ocr_line' id='line_1_16' title="bbox 140 1741 1281 1822; baseline -0.005 -19"><span class='ocrx_word' id='word_1_130' title='bbox 140 1742 285 1803; x_wconf 91' lang='lat' dir='ltr'><strong>consulto</strong></span> <span class='ocrx_word' id='word_1_131' title='bbox 301 1750 427 1803; x_wconf 91' lang='lat' dir='ltr'><strong>cautum</strong></span> <span class='ocrx_word' id='word_1_132' title='bbox 443 1749 501 1817; x_wconf 88' lang='lat' dir='ltr'><strong>est,</strong></span> <span class='ocrx_word' id='word_1_133' title='bbox 519 1749 564 1818; x_wconf 90' lang='lat' dir='ltr'><strong>ut,</strong></span> <span class='ocrx_word' id='word_1_134' title='bbox 584 1741 706 1801; x_wconf 90' lang='lat' dir='ltr'><strong>etiarnsi</strong></span> <span class='ocrx_word' id='word_1_135' title='bbox 722 1759 831 1802; x_wconf 90' lang='lat' dir='ltr'><strong>earum</strong></span> <span class='ocrx_word' id='word_1_136' title='bbox 848 1760 967 1820; x_wconf 90' lang='lat' dir='ltr'><strong>rerum,</strong></span> <span class='ocrx_word' id='word_1_137' title='bbox 986 1760 1064 1822; x_wconf 86' lang='lat' dir='ltr'><strong>quac</strong></span> <span class='ocrx_word' id='word_1_138' title='bbox 1079 1741 1112 1802; x_wconf 92' lang='lat' dir='ltr'><strong>in</strong></span> <span class='ocrx_word' id='word_1_139' title='bbox 1127 1742 1230 1806; x_wconf 90' lang='lat' dir='ltr'><strong>abusu</strong></span> <span class='ocrx_word' id='word_1_140' title='bbox 1250 1755 1281 1798; x_wconf 86' lang='grc'><strong>44</strong></span> 
     </span>
     <span class='ocr_line' id='line_1_17' title="bbox 141 1825 1227 1908; baseline 0.001 -19"><span class='ocrx_word' id='word_1_141' title='bbox 141 1830 362 1904; x_wconf 88' lang='lat' dir='ltr'><strong>continentur,</strong></span> <span class='ocrx_word' id='word_1_142' title='bbox 380 1837 416 1888; x_wconf 94' lang='lat' dir='ltr'><strong>ut</strong></span> <span class='ocrx_word' id='word_1_143' title='bbox 431 1836 507 1906; x_wconf 89' lang='lat' dir='ltr'><strong>puta</strong></span> <span class='ocrx_word' id='word_1_144' title='bbox 523 1827 592 1887; x_wconf 91' lang='lat' dir='ltr'><strong>uini</strong></span> <span class='ocrx_word' id='word_1_145' title='bbox 607 1827 666 1887; x_wconf 90' lang='lat' dir='ltr'><strong>olei</strong></span> <span class='ocrx_word' id='word_1_146' title='bbox 682 1827 796 1903; x_wconf 92' lang='lat' dir='ltr'><strong>tritici,</strong></span> <span class='ocrx_word' id='word_1_147' title='bbox 815 1825 1016 1888; x_wconf 83' lang='lat' dir='ltr'><strong>ususfructus</strong></span> <span class='ocrx_word' id='word_1_148' title='bbox 1037 1829 1160 1908; x_wconf 82' lang='lat' dir='ltr'><strong>legatus</strong></span> <span class='ocrx_word' id='word_1_149' title='bbox 1175 1831 1227 1906; x_wconf 90' lang='lat' dir='ltr'><strong>sit,</strong></span> 
     </span>
     <span class='ocr_line' id='line_1_18' title="bbox 141 1911 1230 1994; baseline 0 -19"><span class='ocrx_word' id='word_1_150' title='bbox 141 1915 294 1994; x_wconf 79' lang='lat' dir='ltr'><strong>legatario</strong></span> <span class='ocrx_word' id='word_1_151' title='bbox 311 1932 362 1974; x_wconf 89' lang='lat' dir='ltr'><strong>res</strong></span> <span class='ocrx_word' id='word_1_152' title='bbox 377 1911 555 1989; x_wconf 90' lang='lat' dir='ltr'><strong>tradantur,</strong></span> <span class='ocrx_word' id='word_1_153' title='bbox 574 1911 774 1974; x_wconf 89' lang='lat' dir='ltr'><strong>cautionibus</strong></span> <span class='ocrx_word' id='word_1_154' title='bbox 790 1914 985 1993; x_wconf 88' lang='lat' dir='ltr'><strong>interpositis</strong></span> <span class='ocrx_word' id='word_1_155' title='bbox 1001 1913 1041 1974; x_wconf 90' lang='lat' dir='ltr'><strong>de</strong></span> <span class='ocrx_word' id='word_1_156' title='bbox 1059 1916 1230 1976; x_wconf 88' lang='lat' dir='ltr'><strong>restituen-</strong></span> 
     </span>
     <span class='ocr_line' id='line_1_19' title="bbox 141 1997 1170 2079; baseline -0.001 -18"><span class='ocrx_word' id='word_1_157' title='bbox 141 2000 193 2061; x_wconf 90' lang='lat' dir='ltr'><strong>dis</strong></span> <span class='ocrx_word' id='word_1_158' title='bbox 209 2001 268 2077; x_wconf 90' lang='lat' dir='ltr'><strong>eis,</strong></span> <span class='ocrx_word' id='word_1_159' title='bbox 287 2019 359 2060; x_wconf 90' lang='lat' dir='ltr'><strong>oum</strong></span> <span class='ocrx_word' id='word_1_160' title='bbox 374 1997 576 2060; x_wconf 84' lang='lat' dir='ltr'><strong>ususfructus</strong></span> <span class='ocrx_word' id='word_1_161' title='bbox 592 1997 632 2059; x_wconf 92' lang='lat' dir='ltr'><strong>ad</strong></span> <span class='ocrx_word' id='word_1_162' title='bbox 648 1999 833 2078; x_wconf 80' lang='lat' dir='ltr'><strong>legatarium</strong></span> <span class='ocrx_word' id='word_1_163' title='bbox 849 2001 1011 2079; x_wconf 90' lang='lat' dir='ltr'><strong>pertinere</strong></span> <span class='ocrx_word' id='word_1_164' title='bbox 1027 1999 1170 2061; x_wconf 90' lang='lat' dir='ltr'><strong>desierit.</strong></span> 
     </span>
    </p>

    <p class='ocr_par' dir='ltr' id='par_1_7' title="bbox 81 2083 1280 2336">
     <span class='ocr_line' id='line_1_20' title="bbox 81 2083 1229 2166; baseline -0.002 -19"><span class='ocrx_word' id='word_1_165' title='bbox 81 2089 121 2148; x_wconf 85' lang='grc'><strong>28</strong></span> <span class='ocrx_word' id='word_1_166' title='bbox 231 2084 417 2146; x_wconf 73' lang='lat' dir='ltr'><strong>ciuitatibus</strong></span> <span class='ocrx_word' id='word_1_167' title='bbox 439 2083 603 2159; x_wconf 87' lang='lat' dir='ltr'><strong>omnibus,</strong></span> <span class='ocrx_word' id='word_1_168' title='bbox 632 2103 712 2163; x_wconf 88' lang='lat' dir='ltr'><strong>quae</strong></span> <span class='ocrx_word' id='word_1_169' title='bbox 741 2083 801 2145; x_wconf 91' lang='lat' dir='ltr'><strong>sub</strong></span> <span class='ocrx_word' id='word_1_170' title='bbox 823 2086 955 2165; x_wconf 90' lang='lat' dir='ltr'><strong>imperio</strong></span> <span class='ocrx_word' id='word_1_171' title='bbox 978 2087 1084 2166; x_wconf 79' lang='lat' dir='ltr'><strong>populi</strong></span> <span class='ocrx_word' id='word_1_172' title='bbox 1103 2087 1229 2148; x_wconf 88' lang='lat' dir='ltr'><strong>Romani</strong></span> 
     </span>
     <span class='ocr_line' id='line_1_21' title="bbox 141 2169 1280 2252; baseline -0.004 -18"><span class='ocrx_word' id='word_1_173' title='bbox 141 2181 234 2248; x_wconf 91' lang='lat' dir='ltr'><strong>sunt,</strong></span> <span class='ocrx_word' id='word_1_174' title='bbox 253 2171 351 2250; x_wconf 81' lang='lat' dir='ltr'><strong>legari</strong></span> <span class='ocrx_word' id='word_1_175' title='bbox 367 2179 484 2250; x_wconf 91' lang='lat' dir='ltr'><strong>potest:</strong></span> <span class='ocrx_word' id='word_1_176' title='bbox 511 2169 608 2250; x_wconf 89' lang='lat' dir='ltr'><strong>idque</strong></span> <span class='ocrx_word' id='word_1_177' title='bbox 624 2190 641 2231; x_wconf 89' lang='lat' dir='ltr'><strong>a</strong></span> <span class='ocrx_word' id='word_1_178' title='bbox 658 2169 732 2231; x_wconf 91' lang='lat' dir='ltr'><strong>diuo</strong></span> <span class='ocrx_word' id='word_1_179' title='bbox 747 2172 851 2232; x_wconf 90' lang='lat' dir='ltr'><strong>Nerua</strong></span> <span class='ocrx_word' id='word_1_180' title='bbox 866 2171 1098 2250; x_wconf 90' lang='lat' dir='ltr'><strong>introductum,</strong></span> <span class='ocrx_word' id='word_1_181' title='bbox 1123 2183 1229 2252; x_wconf 89' lang='lat' dir='ltr'><strong>postea</strong></span> <span class='ocrx_word' id='word_1_182' title='bbox 1248 2185 1280 2230; x_wconf 77' lang='grc'><strong>44</strong></span> 
     </span>
     <span class='ocr_line' id='line_1_22' title="bbox 141 2255 1099 2336; baseline -0.001 -16"><span class='ocrx_word' id='word_1_183' title='bbox 141 2279 158 2320; x_wconf 87' lang='lat' dir='ltr'><strong>a</strong></span> <span class='ocrx_word' id='word_1_184' title='bbox 177 2268 291 2319; x_wconf 89' lang='lat' dir='ltr'><strong>senatu</strong></span> <span class='ocrx_word' id='word_1_185' title='bbox 305 2267 429 2318; x_wconf 86' lang='lat' dir='ltr'><strong>auctore</strong></span> <span class='ocrx_word' id='word_1_186' title='bbox 446 2255 602 2317; x_wconf 87' lang='lat' dir='ltr'><strong>Hadriano</strong></span> <span class='ocrx_word' id='word_1_187' title='bbox 618 2255 803 2336; x_wconf 79' lang='lat' dir='ltr'><strong>diligentius</strong></span> <span class='ocrx_word' id='word_1_188' title='bbox 818 2259 1023 2319; x_wconf 90' lang='lat' dir='ltr'><strong>constitutum</strong></span> <span class='ocrx_word' id='word_1_189' title='bbox 1039 2267 1099 2320; x_wconf 90' lang='lat' dir='ltr'><strong>est.</strong></span> 
     </span>
    </p>

    <p class='ocr_par' dir='ltr' id='par_1_8' title="bbox 81 2341 1231 2594">
     <span class='ocr_line' id='line_1_23' title="bbox 81 2341 1231 2422; baseline 0 -17"><span class='ocrx_word' id='word_1_190' title='bbox 81 2347 121 2405; x_wconf 85' lang='grc'><strong>29</strong></span> <span class='ocrx_word' id='word_1_191' title='bbox 230 2346 390 2422; x_wconf 82' lang='lat' dir='ltr'><strong>Legatum,</strong></span> <span class='ocrx_word' id='word_1_192' title='bbox 409 2341 494 2422; x_wconf 93' lang='lat' dir='ltr'><strong>quod</strong></span> <span class='ocrx_word' id='word_1_193' title='bbox 509 2341 687 2418; x_wconf 71' lang='lat' dir='ltr'><strong>datumst,</strong></span> <span class='ocrx_word' id='word_1_194' title='bbox 706 2341 803 2404; x_wconf 90' lang='lat' dir='ltr'><strong>adimi</strong></span> <span class='ocrx_word' id='word_1_195' title='bbox 819 2353 921 2422; x_wconf 90' lang='lat' dir='ltr'><strong>potest</strong></span> <span class='ocrx_word' id='word_1_196' title='bbox 937 2343 989 2404; x_wconf 92' lang='lat' dir='ltr'><strong>uel</strong></span> <span class='ocrx_word' id='word_1_197' title='bbox 1006 2343 1116 2405; x_wconf 91' lang='lat' dir='ltr'><strong>eodem</strong></span> <span class='ocrx_word' id='word_1_198' title='bbox 1132 2354 1231 2405; x_wconf 86' lang='lat' dir='ltr'><strong>testa-</strong></span> 
     </span>
     <span class='ocr_line' id='line_1_24' title="bbox 143 2428 1229 2508; baseline 0 -18"><span class='ocrx_word' id='word_1_199' title='bbox 143 2439 249 2490; x_wconf 89' lang='lat' dir='ltr'><strong>mento</strong></span> <span class='ocrx_word' id='word_1_200' title='bbox 261 2429 313 2490; x_wconf 91' lang='lat' dir='ltr'><strong>uel</strong></span> <span class='ocrx_word' id='word_1_201' title='bbox 325 2428 477 2490; x_wconf 90' lang='lat' dir='ltr'><strong>codicillis</strong></span> <span class='ocrx_word' id='word_1_202' title='bbox 490 2437 675 2489; x_wconf 89' lang='lat' dir='ltr'><strong>testamento</strong></span> <span class='ocrx_word' id='word_1_203' title='bbox 692 2429 893 2508; x_wconf 89' lang='lat' dir='ltr'><strong>confirmatis,</strong></span> <span class='ocrx_word' id='word_1_204' title='bbox 913 2428 988 2491; x_wconf 92' lang='lat' dir='ltr'><strong>dum</strong></span> <span class='ocrx_word' id='word_1_205' title='bbox 1001 2439 1105 2490; x_wconf 88' lang='lat' dir='ltr'><strong>tamen</strong></span> <span class='ocrx_word' id='word_1_206' title='bbox 1118 2429 1229 2491; x_wconf 89' lang='lat' dir='ltr'><strong>eodem</strong></span> 
     </span>
     <span class='ocr_line' id='line_1_25' title="bbox 142 2513 806 2594; baseline -0.005 -17"><span class='ocrx_word' id='word_1_207' title='bbox 142 2515 235 2576; x_wconf 90' lang='lat' dir='ltr'><strong>modo</strong></span> <span class='ocrx_word' id='word_1_208' title='bbox 250 2513 420 2592; x_wconf 84' lang='lat' dir='ltr'><strong>adimatur,</strong></span> <span class='ocrx_word' id='word_1_209' title='bbox 439 2533 500 2594; x_wconf 91' lang='lat' dir='ltr'><strong>quo</strong></span> <span class='ocrx_word' id='word_1_210' title='bbox 516 2513 607 2575; x_wconf 92' lang='lat' dir='ltr'><strong>modo</strong></span> <span class='ocrx_word' id='word_1_211' title='bbox 623 2514 732 2576; x_wconf 88' lang='lat' dir='ltr'><strong>datum</strong></span> <span class='ocrx_word' id='word_1_212' title='bbox 748 2525 806 2575; x_wconf 92' lang='lat' dir='ltr'><strong>est.</strong></span> 
     </span>
    </p>

    <p class='ocr_par' dir='ltr' id='par_1_9' title="bbox 81 2599 1281 2680">
     <span class='ocr_line' id='line_1_26' title="bbox 81 2599 1281 2680; baseline -0.003 -18"><span class='ocrx_word' id='word_1_213' title='bbox 81 2605 121 2662; x_wconf 85' lang='lat'><strong>30</strong></span> <span class='ocrx_word' id='word_1_214' title='bbox 229 2599 279 2662; x_wconf 85' lang='lat' dir='ltr'><strong>Ad</strong></span> <span class='ocrx_word' id='word_1_215' title='bbox 293 2600 441 2660; x_wconf 90' lang='lat' dir='ltr'><strong>heredem</strong></span> <span class='ocrx_word' id='word_1_216' title='bbox 457 2601 598 2680; x_wconf 81' lang='lat' dir='ltr'><strong>legatarii</strong></span> <span class='ocrx_word' id='word_1_217' title='bbox 621 2600 723 2680; x_wconf 79' lang='lat' dir='ltr'><strong>legata</strong></span> <span class='ocrx_word' id='word_1_218' title='bbox 739 2620 801 2660; x_wconf 91' lang='lat' dir='ltr'><strong>non</strong></span> <span class='ocrx_word' id='word_1_219' title='bbox 817 2601 910 2661; x_wconf 89' lang='lat' dir='ltr'><strong>aliter</strong></span> <span class='ocrx_word' id='word_1_220' title='bbox 925 2609 1108 2678; x_wconf 90' lang='lat' dir='ltr'><strong>transeunt,</strong></span> <span class='ocrx_word' id='word_1_221' title='bbox 1128 2603 1187 2662; x_wconf 88' lang='lat' dir='ltr'><strong>nisi</strong></span> <span class='ocrx_word' id='word_1_222' title='bbox 1204 2604 1231 2662; x_wconf 91' lang='lat' dir='ltr'><strong>si</strong></span> <span class='ocrx_word' id='word_1_223' title='bbox 1250 2615 1281 2659; x_wconf 78' lang='grc'><strong>24</strong></span> 
     </span>
    </p>

    <p class='ocr_par' dir='ltr' id='par_1_10' title="bbox 82 2685 1281 3111">
     <span class='ocr_line' id='line_1_27' title="bbox 82 2685 1228 2766; baseline -0.001 -17"><span class='ocrx_word' id='word_1_224' title='bbox 82 2691 117 2749; x_wconf 91' lang='grc'><strong>34</strong></span> <span class='ocrx_word' id='word_1_225' title='bbox 143 2689 206 2749; x_wconf 89' lang='lat' dir='ltr'><strong>iam</strong></span> <span class='ocrx_word' id='word_1_226' title='bbox 222 2685 274 2748; x_wconf 91' lang='lat' dir='ltr'><strong>die</strong></span> <span class='ocrx_word' id='word_1_227' title='bbox 290 2687 462 2766; x_wconf 81' lang='lat' dir='ltr'><strong>legatorum</strong></span> <span class='ocrx_word' id='word_1_228' title='bbox 483 2685 616 2748; x_wconf 88' lang='lat' dir='ltr'><strong>cedente</strong></span> <span class='ocrx_word' id='word_1_229' title='bbox 636 2687 804 2766; x_wconf 80' lang='lat' dir='ltr'><strong>legatarius</strong></span> <span class='ocrx_word' id='word_1_230' title='bbox 819 2685 1001 2748; x_wconf 90' lang='lat' dir='ltr'><strong>decesserit.</strong></span> <span class='ocrx_word' id='word_1_231' title='bbox 1034 2690 1228 2766; x_wconf 79' lang='lat' dir='ltr'><strong>legatorum,</strong></span> 
     </span>
     <span class='ocr_line' id='line_1_28' title="bbox 143 2771 1231 2854; baseline -0.004 -19"><span class='ocrx_word' id='word_1_232' title='bbox 143 2793 225 2854; x_wconf 88' lang='lat' dir='ltr'><strong>quae</strong></span> <span class='ocrx_word' id='word_1_233' title='bbox 247 2791 327 2852; x_wconf 91' lang='lat' dir='ltr'><strong>pure</strong></span> <span class='ocrx_word' id='word_1_234' title='bbox 342 2773 397 2833; x_wconf 90' lang='lat' dir='ltr'><strong>uel</strong></span> <span class='ocrx_word' id='word_1_235' title='bbox 418 2773 450 2832; x_wconf 94' lang='lat' dir='ltr'><strong>in</strong></span> <span class='ocrx_word' id='word_1_236' title='bbox 467 2771 551 2832; x_wconf 90' lang='lat' dir='ltr'><strong>diem</strong></span> <span class='ocrx_word' id='word_1_237' title='bbox 573 2781 695 2834; x_wconf 93' lang='lat' dir='ltr'><strong>certum</strong></span> <span class='ocrx_word' id='word_1_238' title='bbox 713 2773 821 2833; x_wconf 89' lang='lat' dir='ltr'><strong>relicta</strong></span> <span class='ocrx_word' id='word_1_239' title='bbox 845 2783 936 2852; x_wconf 89' lang='lat' dir='ltr'><strong>sunt,</strong></span> <span class='ocrx_word' id='word_1_240' title='bbox 956 2771 1025 2834; x_wconf 90' lang='lat' dir='ltr'><strong>dies</strong></span> <span class='ocrx_word' id='word_1_241' title='bbox 1049 2772 1131 2834; x_wconf 88' lang='lat' dir='ltr'><strong>cedit</strong></span> <span class='ocrx_word' id='word_1_242' title='bbox 1147 2775 1231 2834; x_wconf 90' lang='lat' dir='ltr'><strong>anti-</strong></span> 
     </span>
     <span class='ocr_line' id='line_1_29' title="bbox 142 2857 1231 2938; baseline 0 -18"><span class='ocrx_word' id='word_1_243' title='bbox 142 2879 206 2938; x_wconf 93' lang='lat' dir='ltr'><strong>quo</strong></span> <span class='ocrx_word' id='word_1_244' title='bbox 221 2857 351 2938; x_wconf 90' lang='lat' dir='ltr'><strong>quidem</strong></span> <span class='ocrx_word' id='word_1_245' title='bbox 368 2859 437 2918; x_wconf 90' lang='lat' dir='ltr'><strong>iure</strong></span> <span class='ocrx_word' id='word_1_246' title='bbox 454 2877 494 2918; x_wconf 84' lang='lat' dir='ltr'><strong>ex</strong></span> <span class='ocrx_word' id='word_1_247' title='bbox 509 2859 619 2918; x_wconf 92' lang='lat' dir='ltr'><strong>mortis</strong></span> <span class='ocrx_word' id='word_1_248' title='bbox 634 2860 792 2918; x_wconf 90' lang='lat' dir='ltr'><strong>testatoris</strong></span> <span class='ocrx_word' id='word_1_249' title='bbox 808 2868 958 2937; x_wconf 89' lang='lat' dir='ltr'><strong>tempore,</strong></span> <span class='ocrx_word' id='word_1_250' title='bbox 983 2878 1041 2938; x_wconf 87' lang='lat' dir='ltr'><strong>per</strong></span> <span class='ocrx_word' id='word_1_251' title='bbox 1055 2859 1158 2938; x_wconf 80' lang='lat' dir='ltr'><strong>legem</strong></span> <span class='ocrx_word' id='word_1_252' title='bbox 1173 2879 1231 2920; x_wconf 91' lang='lat' dir='ltr'><strong>au-</strong></span> 
     </span>
     <span class='ocr_line' id='line_1_30' title="bbox 144 2943 1231 3024; baseline -0.002 -18"><span class='ocrx_word' id='word_1_253' title='bbox 144 2955 207 3007; x_wconf 91' lang='lat' dir='ltr'><strong>tem</strong></span> <span class='ocrx_word' id='word_1_254' title='bbox 225 2945 353 3024; x_wconf 81' lang='lat' dir='ltr'><strong>Papiam</strong></span> <span class='ocrx_word' id='word_1_255' title='bbox 369 2945 541 3024; x_wconf 89' lang='lat' dir='ltr'><strong>Poppaeam</strong></span> <span class='ocrx_word' id='word_1_256' title='bbox 564 2963 604 3006; x_wconf 80' lang='lat' dir='ltr'><strong>ex</strong></span> <span class='ocrx_word' id='word_1_257' title='bbox 626 2946 744 3023; x_wconf 92' lang='lat' dir='ltr'><strong>apertis</strong></span> <span class='ocrx_word' id='word_1_258' title='bbox 766 2943 882 3006; x_wconf 88' lang='lat' dir='ltr'><strong>tabulis</strong></span> <span class='ocrx_word' id='word_1_259' title='bbox 905 2945 1102 3020; x_wconf 88' lang='lat' dir='ltr'><strong>testamenti,</strong></span> <span class='ocrx_word' id='word_1_260' title='bbox 1121 2953 1231 3005; x_wconf 90' lang='lat' dir='ltr'><strong>eorum</strong></span> 
     </span>
     <span class='ocr_line' id='line_1_31' title="bbox 143 3029 1281 3111; baseline -0.004 -18"><span class='ocrx_word' id='word_1_261' title='bbox 143 3050 230 3108; x_wconf 88' lang='lat' dir='ltr'><strong>uero,</strong></span> <span class='ocrx_word' id='word_1_262' title='bbox 249 3049 331 3111; x_wconf 89' lang='lat' dir='ltr'><strong>quae</strong></span> <span class='ocrx_word' id='word_1_263' title='bbox 346 3029 407 3090; x_wconf 91' lang='lat' dir='ltr'><strong>sub</strong></span> <span class='ocrx_word' id='word_1_264' title='bbox 419 3029 600 3091; x_wconf 91' lang='lat' dir='ltr'><strong>condicione</strong></span> <span class='ocrx_word' id='word_1_265' title='bbox 617 3030 725 3091; x_wconf 89' lang='lat' dir='ltr'><strong>relicta</strong></span> <span class='ocrx_word' id='word_1_266' title='bbox 737 3039 823 3107; x_wconf 91' lang='lat' dir='ltr'><strong>sunt,</strong></span> <span class='ocrx_word' id='word_1_267' title='bbox 842 3050 911 3091; x_wconf 90' lang='lat' dir='ltr'><strong>curn</strong></span> <span class='ocrx_word' id='word_1_268' title='bbox 928 3029 1067 3092; x_wconf 92' lang='lat' dir='ltr'><strong>condicio</strong></span> <span class='ocrx_word' id='word_1_269' title='bbox 1079 3031 1228 3092; x_wconf 82' lang='lat' dir='ltr'><strong>extiterit.</strong></span> <span class='ocrx_word' id='word_1_270' title='bbox 1251 3045 1281 3090; x_wconf 89' lang='lat' dir='ltr'><strong>ao</strong></span> 
     </span>
    </p>

    <p class='ocr_par' dir='ltr' id='par_1_11' title="bbox 84 3115 1231 3282">
     <span class='ocr_line' id='line_1_32' title="bbox 84 3115 1230 3196; baseline 0.001 -21"><span class='ocrx_word' id='word_1_271' title='bbox 84 3118 124 3177; x_wconf 87' lang='grc'><strong>32</strong></span> <span class='ocrx_word' id='word_1_272' title='bbox 231 3119 294 3177; x_wconf 88' lang='lat' dir='ltr'><strong>Lex</strong></span> <span class='ocrx_word' id='word_1_273' title='bbox 310 3115 444 3176; x_wconf 88' lang='lat' dir='ltr'><strong>Falcidia</strong></span> <span class='ocrx_word' id='word_1_274' title='bbox 468 3115 556 3177; x_wconf 90' lang='lat' dir='ltr'><strong>iubet</strong></span> <span class='ocrx_word' id='word_1_275' title='bbox 572 3134 634 3176; x_wconf 91' lang='lat' dir='ltr'><strong>non</strong></span> <span class='ocrx_word' id='word_1_276' title='bbox 650 3117 722 3194; x_wconf 91' lang='lat' dir='ltr'><strong>plus</strong></span> <span class='ocrx_word' id='word_1_277' title='bbox 745 3135 840 3196; x_wconf 89' lang='lat' dir='ltr'><strong>quam</strong></span> <span class='ocrx_word' id='word_1_278' title='bbox 856 3115 1042 3178; x_wconf 91' lang='lat' dir='ltr'><strong>dodrantem</strong></span> <span class='ocrx_word' id='word_1_279' title='bbox 1060 3118 1157 3178; x_wconf 90' lang='lat' dir='ltr'><strong>totius</strong></span> <span class='ocrx_word' id='word_1_280' title='bbox 1173 3137 1230 3196; x_wconf 88' lang='lat' dir='ltr'><strong>pa-</strong></span> 
     </span>
     <span class='ocr_line' id='line_1_33' title="bbox 145 3200 1231 3282; baseline -0.002 -18"><span class='ocrx_word' id='word_1_281' title='bbox 145 3202 285 3264; x_wconf 90' lang='lat' dir='ltr'><strong>trimonii</strong></span> <span class='ocrx_word' id='word_1_282' title='bbox 300 3202 415 3282; x_wconf 77' lang='lat' dir='ltr'><strong>legari,</strong></span> <span class='ocrx_word' id='word_1_283' title='bbox 441 3211 477 3263; x_wconf 93' lang='lat' dir='ltr'><strong>ut</strong></span> <span class='ocrx_word' id='word_1_284' title='bbox 493 3203 577 3262; x_wconf 91' lang='lat' dir='ltr'><strong>omni</strong></span> <span class='ocrx_word' id='word_1_285' title='bbox 600 3200 691 3262; x_wconf 92' lang='lat' dir='ltr'><strong>modo</strong></span> <span class='ocrx_word' id='word_1_286' title='bbox 708 3201 869 3282; x_wconf 86' lang='lat' dir='ltr'><strong>quadrans</strong></span> <span class='ocrx_word' id='word_1_287' title='bbox 893 3205 1016 3281; x_wconf 80' lang='lat' dir='ltr'><strong>integer</strong></span> <span class='ocrx_word' id='word_1_288' title='bbox 1037 3203 1122 3282; x_wconf 88' lang='lat' dir='ltr'><strong>apud</strong></span> <span class='ocrx_word' id='word_1_289' title='bbox 1138 3203 1231 3263; x_wconf 90' lang='lat' dir='ltr'><strong>here-</strong></span> 
     </span>
    </p>

    <p class='ocr_par' dir='ltr' id='par_1_12' title="bbox 85 3289 1231 3436">
     <span class='ocr_line' id='line_1_34' title="bbox 85 3289 1231 3368; baseline 0 -20"><span class='ocrx_word' id='word_1_290' title='bbox 85 3291 124 3348; x_wconf 88' lang='grc'><strong>33</strong></span> <span class='ocrx_word' id='word_1_291' title='bbox 145 3289 218 3350; x_wconf 91' lang='lat' dir='ltr'><strong>dem</strong></span> <span class='ocrx_word' id='word_1_292' title='bbox 245 3297 419 3348; x_wconf 83' lang='lat' dir='ltr'><strong>remaneat.</strong></span> <span class='ocrx_word' id='word_1_293' title='bbox 471 3290 654 3368; x_wconf 85' lang='lat' dir='ltr'><strong>Legatorur&#39;n</strong></span> <span class='ocrx_word' id='word_1_294' title='bbox 681 3307 852 3368; x_wconf 87' lang='lat' dir='ltr'><strong>perperam</strong></span> <span class='ocrx_word' id='word_1_295' title='bbox 881 3289 1053 3350; x_wconf 90' lang='lat' dir='ltr'><strong>solutorum</strong></span> <span class='ocrx_word' id='word_1_296' title='bbox 1085 3289 1231 3368; x_wconf 90' lang='lat' dir='ltr'><strong>repetitio</strong></span> 
     </span>
     <span class='ocr_line' id='line_1_35' title="bbox 146 3385 283 3436; baseline -0.015 0"><span class='ocrx_word' id='word_1_297' title='bbox 146 3385 283 3436; x_wconf 91' lang='lat' dir='ltr'><strong>nonest.</strong></span> 
     </span>
    </p>
   </div>
   <div class='ocr_carea' id='block_1_3' title="bbox 151 3595 1230 3611">
    <p class='ocr_par' dir='ltr' id='par_1_13' title="bbox 151 3595 1230 3611">
     <span class='ocr_line' id='line_1_36' title="bbox 151 3595 1230 3611; baseline 0 -1"><span class='ocrx_word' id='word_1_298' title='bbox 151 3600 173 3610; x_wconf 70' lang='lat' dir='ltr'><strong>m</strong></span> <span class='ocrx_word' id='word_1_299' title='bbox 188 3595 445 3611; x_wconf 54' lang='lat' dir='ltr'><strong>‹ame-“vi-auwm</strong></span> <span class='ocrx_word' id='word_1_300' title='bbox 457 3599 463 3608; x_wconf 71' lang='grc' dir='ltr'><em>ι</em></span> <span class='ocrx_word' id='word_1_301' title='bbox 474 3600 478 3608; x_wconf 81' lang='lat' dir='ltr'><strong>l</strong></span> <span class='ocrx_word' id='word_1_302' title='bbox 487 3603 493 3609; x_wconf 82' lang='grc'><strong>.</strong></span> <span class='ocrx_word' id='word_1_303' title='bbox 505 3599 572 3609; x_wconf 52' lang='lat' dir='ltr'><strong>,aava</strong></span> <span class='ocrx_word' id='word_1_304' title='bbox 583 3601 588 3608; x_wconf 54' lang='lat' dir='ltr'><strong>a</strong></span> <span class='ocrx_word' id='word_1_305' title='bbox 600 3597 635 3608; x_wconf 64' lang='lat' dir='ltr'><strong>mu</strong></span> <span class='ocrx_word' id='word_1_306' title='bbox 664 3599 685 3608; x_wconf 55' lang='lat' dir='ltr'><strong>m</strong></span> <span class='ocrx_word' id='word_1_307' title='bbox 693 3598 808 3610; x_wconf 50' lang='lat' dir='ltr'><strong>svvvmvm</strong></span> <span class='ocrx_word' id='word_1_308' title='bbox 819 3598 905 3610; x_wconf 60' lang='lat' dir='ltr'><strong>zvvsmu</strong></span> <span class='ocrx_word' id='word_1_309' title='bbox 917 3599 982 3611; x_wconf 61' lang='lat' dir='ltr'><strong>mvn</strong></span> <span class='ocrx_word' id='word_1_310' title='bbox 993 3603 998 3610; x_wconf 59' lang='grc' dir='ltr'><em>ι</em></span> <span class='ocrx_word' id='word_1_311' title='bbox 1022 3602 1030 3610; x_wconf 67' lang='grc' dir='ltr'><strong>,ι</strong></span> <span class='ocrx_word' id='word_1_312' title='bbox 1040 3603 1045 3610; x_wconf 79' lang='lat' dir='ltr'><em>A</em></span> <span class='ocrx_word' id='word_1_313' title='bbox 1055 3601 1063 3610; x_wconf 65' lang='lat' dir='ltr'><em>A</em></span> <span class='ocrx_word' id='word_1_314' title='bbox 1082 3599 1109 3610; x_wconf 65' lang='lat' dir='ltr'><strong>xta</strong></span> <span class='ocrx_word' id='word_1_315' title='bbox 1148 3599 1173 3610; x_wconf 66' lang='grc' dir='ltr'><strong>ιν</strong></span> <span class='ocrx_word' id='word_1_316' title='bbox 1182 3599 1230 3610; x_wconf 60' lang='lat' dir='ltr'><strong>«mlx</strong></span> 
     </span>
    </p>
   </div>
   <div class='ocr_carea' id='block_1_4' title="bbox 146 3748 1235 4227">
    <p class='ocr_par' dir='ltr' id='par_1_14' title="bbox 146 3748 1235 4227">
     <span class='ocr_line' id='line_1_37' title="bbox 218 3748 1233 3818; baseline 0 -19"><span class='ocrx_word' id='word_1_317' title='bbox 218 3756 227 3799; x_wconf 90' lang='grc'><strong>4</strong></span> <span class='ocrx_word' id='word_1_318' title='bbox 252 3754 329 3815; x_wconf 62' lang='lat' dir='ltr'><strong>ipsso</strong></span> <span class='ocrx_word' id='word_1_319' title='bbox 346 3751 378 3802; x_wconf 68' lang='lat'><strong>0⁵</strong></span> <span class='ocrx_word' id='word_1_320' title='bbox 403 3748 413 3816; x_wconf 75' lang='lat' dir='ltr'><strong>f,</strong></span> <span class='ocrx_word' id='word_1_321' title='bbox 445 3752 549 3814; x_wconf 75' lang='lat' dir='ltr'><strong>tlegati</strong></span> <span class='ocrx_word' id='word_1_322' title='bbox 566 3748 598 3801; x_wconf 79' lang='lat' dir='ltr'><strong>Cb</strong></span> <span class='ocrx_word' id='word_1_323' title='bbox 612 3753 833 3812; x_wconf 73' lang='lat' dir='ltr'><strong>(occansonem),</strong></span> <span class='ocrx_word' id='word_1_324' title='bbox 848 3753 934 3815; x_wconf 68' lang='lat' dir='ltr'><strong>ligae*</strong></span> <span class='ocrx_word' id='word_1_325' title='bbox 949 3754 981 3804; x_wconf 72' lang='lat'><strong>0²</strong></span> <span class='ocrx_word' id='word_1_326' title='bbox 996 3751 1006 3818; x_wconf 81' lang='grc' dir='ltr'><strong>ΙΙ</strong></span> <span class='ocrx_word' id='word_1_327' title='bbox 1030 3753 1092 3816; x_wconf 86' lang='lat' dir='ltr'><strong>non]</strong></span> <span class='ocrx_word' id='word_1_328' title='bbox 1108 3767 1142 3802; x_wconf 88' lang='lat' dir='ltr'><strong>ne</strong></span> <span class='ocrx_word' id='word_1_329' title='bbox 1155 3768 1205 3802; x_wconf 85' lang='lat' dir='ltr'><strong>scr.</strong></span> <span class='ocrx_word' id='word_1_330' title='bbox 1231 3778 1233 3798; x_wconf 79' lang='lat' dir='ltr'><strong>t</strong></span> 
     </span>
     <span class='ocr_line' id='line_1_38' title="bbox 146 3818 1234 3889; baseline 0.002 -20"><span class='ocrx_word' id='word_1_331' title='bbox 146 3827 160 3869; x_wconf 82' lang='grc'>6</span> <span class='ocrx_word' id='word_1_332' title='bbox 181 3835 235 3871; x_wconf 90' lang='lat' dir='ltr'><strong>non</strong></span> <span class='ocrx_word' id='word_1_333' title='bbox 249 3822 298 3869; x_wconf 85' lang='lat' dir='ltr'><strong>del.</strong></span> <span class='ocrx_word' id='word_1_334' title='bbox 317 3819 446 3878; x_wconf 78' lang='grc'><strong>0444444444,</strong></span> <span class='ocrx_word' id='word_1_335' title='bbox 461 3821 494 3882; x_wconf 76' lang='lat' dir='ltr'><strong>cs.</strong></span> <span class='ocrx_word' id='word_1_336' title='bbox 512 3820 571 3870; x_wconf 75' lang='lat' dir='ltr'><strong>dot.</strong></span> <span class='ocrx_word' id='word_1_337' title='bbox 586 3826 611 3880; x_wconf 86' lang='grc'><strong>2,</strong></span> <span class='ocrx_word' id='word_1_338' title='bbox 627 3827 677 3874; x_wconf 82' lang='grc'><strong>245</strong></span> <span class='ocrx_word' id='word_1_339' title='bbox 701 3818 711 3888; x_wconf 81' lang='grc' dir='ltr'><strong>ΙΙ</strong></span> <span class='ocrx_word' id='word_1_340' title='bbox 735 3825 749 3869; x_wconf 88' lang='lat'>8</span> <span class='ocrx_word' id='word_1_341' title='bbox 763 3821 814 3870; x_wconf 87' lang='lat' dir='ltr'><strong>hoe</strong></span> <span class='ocrx_word' id='word_1_342' title='bbox 829 3821 890 3881; x_wconf 80' lang='lat' dir='ltr'><strong>Ero,</strong></span> <span class='ocrx_word' id='word_1_343' title='bbox 905 3835 953 3871; x_wconf 86' lang='lat' dir='ltr'><strong>om.</strong></span> <span class='ocrx_word' id='word_1_344' title='bbox 973 3822 992 3872; x_wconf 82' lang='lat' dir='ltr'><em>C</em></span> <span class='ocrx_word' id='word_1_345' title='bbox 1014 3818 1024 3886; x_wconf 73' lang='grc'><strong>44</strong></span> <span class='ocrx_word' id='word_1_346' title='bbox 1047 3824 1173 3885; x_wconf 77' lang='grc'><strong>9444444444</strong></span> <span class='ocrx_word' id='word_1_347' title='bbox 1189 3822 1209 3871; x_wconf 82' lang='grc'><strong><em>0</em></strong></span> <span class='ocrx_word' id='word_1_348' title='bbox 1224 3822 1234 3889; x_wconf 88' lang='grc' dir='ltr'><strong>ΙΙ</strong></span> 
     </span>
     <span class='ocr_line' id='line_1_39' title="bbox 148 3889 1234 3954; baseline 0 -16"><span class='ocrx_word' id='word_1_349' title='bbox 148 3895 174 3938; x_wconf 89' lang='grc'><strong>44</strong></span> <span class='ocrx_word' id='word_1_350' title='bbox 201 3889 402 3954; x_wconf 79' lang='lat' dir='ltr'><strong>appellatorio</strong></span> <span class='ocrx_word' id='word_1_351' title='bbox 423 3902 508 3938; x_wconf 75' lang='lat' dir='ltr'><strong>como</strong></span> <span class='ocrx_word' id='word_1_352' title='bbox 528 3893 612 3951; x_wconf 83' lang='lat' dir='ltr'><strong>spatio</strong></span> <span class='ocrx_word' id='word_1_353' title='bbox 633 3903 650 3938; x_wconf 89' lang='lat' dir='ltr'><strong>o</strong></span> <span class='ocrx_word' id='word_1_354' title='bbox 672 3889 690 3940; x_wconf 87' lang='lat' dir='ltr'><strong><em>G</em></strong></span> <span class='ocrx_word' id='word_1_355' title='bbox 710 3891 799 3938; x_wconf 78' lang='lat' dir='ltr'><strong>relicto</strong></span> <span class='ocrx_word' id='word_1_356' title='bbox 820 3891 904 3950; x_wconf 81' lang='lat' dir='ltr'><strong>suppl.</strong></span> <span class='ocrx_word' id='word_1_357' title='bbox 927 3903 1109 3940; x_wconf 73' lang='lat' dir='ltr'><strong>mancoseos.</strong></span> <span class='ocrx_word' id='word_1_358' title='bbox 1132 3892 1194 3940; x_wconf 85' lang='lat' dir='ltr'><strong>XVI</strong></span> <span class='ocrx_word' id='word_1_359' title='bbox 1226 3895 1234 3954; x_wconf 74' lang='grc'><strong>44</strong></span> 
     </span>
     <span class='ocr_line' id='line_1_40' title="bbox 148 3954 1235 4026; baseline 0.003 -18"><span class='ocrx_word' id='word_1_360' title='bbox 148 3964 177 4008; x_wconf 84' lang='grc'><strong>43</strong></span> <span class='ocrx_word' id='word_1_361' title='bbox 198 3958 379 4008; x_wconf 85' lang='lat' dir='ltr'><strong>substantiam</strong></span> <span class='ocrx_word' id='word_1_362' title='bbox 395 3956 414 4025; x_wconf 77' lang='lat' dir='ltr'><strong><em>G</em></strong></span> <span class='ocrx_word' id='word_1_363' title='bbox 436 3954 446 4023; x_wconf 76' lang='grc'><strong>14</strong></span> <span class='ocrx_word' id='word_1_364' title='bbox 472 3961 501 4005; x_wconf 87' lang='grc'><strong>44</strong></span> <span class='ocrx_word' id='word_1_365' title='bbox 516 3958 664 4022; x_wconf 91' lang='lat' dir='ltr'><strong>plurimum</strong></span> <span class='ocrx_word' id='word_1_366' title='bbox 680 3958 699 4007; x_wconf 84' lang='lat' dir='ltr'>C</span> <span class='ocrx_word' id='word_1_367' title='bbox 720 3955 731 4023; x_wconf 79' lang='grc' dir='ltr'><strong>ΙΙ</strong></span> <span class='ocrx_word' id='word_1_368' title='bbox 755 3959 820 4007; x_wconf 88' lang='lat' dir='ltr'><strong>item</strong></span> <span class='ocrx_word' id='word_1_369' title='bbox 833 3959 916 4015; x_wconf 81' lang='lat' dir='ltr'><strong>Hctsc,</strong></span> <span class='ocrx_word' id='word_1_370' title='bbox 932 3959 1014 4008; x_wconf 84' lang='lat' dir='ltr'><strong>idest</strong></span> <span class='ocrx_word' id='word_1_371' title='bbox 1030 3959 1049 4009; x_wconf 84' lang='lat' dir='ltr'><em>C</em></span> <span class='ocrx_word' id='word_1_372' title='bbox 1071 3957 1081 4025; x_wconf 78' lang='grc'><strong>41</strong></span> <span class='ocrx_word' id='word_1_373' title='bbox 1105 3960 1209 4023; x_wconf 84' lang='lat' dir='ltr'><strong>patisC</strong></span> <span class='ocrx_word' id='word_1_374' title='bbox 1232 3960 1235 4026; x_wconf 80' lang='grc'><strong>4</strong></span> 
     </span>
     <span class='ocr_line' id='line_1_41' title="bbox 147 4023 1235 4092; baseline 0.001 -15"><span class='ocrx_word' id='word_1_375' title='bbox 147 4026 270 4078; x_wconf 76' lang='grc'><strong>44444440</strong></span> <span class='ocrx_word' id='word_1_376' title='bbox 298 4023 308 4092; x_wconf 83' lang='grc' dir='ltr'><strong>ΙΙ</strong></span> <span class='ocrx_word' id='word_1_377' title='bbox 339 4031 369 4074; x_wconf 84' lang='grc'><strong>45</strong></span> <span class='ocrx_word' id='word_1_378' title='bbox 388 4027 507 4090; x_wconf 86' lang='lat' dir='ltr'><strong>quarnG</strong></span> <span class='ocrx_word' id='word_1_379' title='bbox 533 4024 543 4092; x_wconf 79' lang='lat' dir='ltr'>ss</span> <span class='ocrx_word' id='word_1_380' title='bbox 574 4030 604 4075; x_wconf 83' lang='grc'><strong>49</strong></span> <span class='ocrx_word' id='word_1_381' title='bbox 624 4026 717 4090; x_wconf 91' lang='lat' dir='ltr'><strong>populi</strong></span> <span class='ocrx_word' id='word_1_382' title='bbox 731 4027 834 4075; x_wconf 87' lang='lat' dir='ltr'><strong>romani</strong></span> <span class='ocrx_word' id='word_1_383' title='bbox 852 4026 981 4086; x_wconf 80' lang='grc'><strong>0444444444,</strong></span> <span class='ocrx_word' id='word_1_384' title='bbox 996 4028 1197 4090; x_wconf 80' lang='lat' dir='ltr'><strong>praetorianic</strong></span> <span class='ocrx_word' id='word_1_385' title='bbox 1231 4027 1235 4092; x_wconf 91' lang='grc' dir='ltr'>Ι</span> 
     </span>
     <span class='ocr_line' id='line_1_42' title="bbox 148 4091 1234 4160; baseline 0.002 -16"><span class='ocrx_word' id='word_1_386' title='bbox 148 4099 180 4144; x_wconf 85' lang='grc'><strong>26</strong></span> <span class='ocrx_word' id='word_1_387' title='bbox 199 4094 359 4158; x_wconf 82' lang='lat' dir='ltr'><strong>legatorum]</strong></span> <span class='ocrx_word' id='word_1_388' title='bbox 381 4094 574 4157; x_wconf 81' lang='lat' dir='ltr'><strong>legatariumC</strong></span> <span class='ocrx_word' id='word_1_389' title='bbox 601 4091 611 4160; x_wconf 86' lang='grc'><strong>11</strong></span> <span class='ocrx_word' id='word_1_390' title='bbox 641 4099 672 4142; x_wconf 78' lang='grc'><strong>29</strong></span> <span class='ocrx_word' id='word_1_391' title='bbox 692 4108 806 4158; x_wconf 86' lang='lat' dir='ltr'><strong>popeam</strong></span> <span class='ocrx_word' id='word_1_392' title='bbox 823 4095 974 4159; x_wconf 76' lang='lat' dir='ltr'><strong>{pompeam</strong></span> <span class='ocrx_word' id='word_1_393' title='bbox 987 4096 1026 4158; x_wconf 61' lang='lat' dir='ltr'><strong>Ca}</strong></span> <span class='ocrx_word' id='word_1_394' title='bbox 1047 4097 1197 4160; x_wconf 83' lang='lat' dir='ltr'><strong>papeamC</strong></span> <span class='ocrx_word' id='word_1_395' title='bbox 1226 4108 1234 4160; x_wconf 73' lang='lat' dir='ltr'><strong>p</strong></span> 
     </span>
     <span class='ocr_line' id='line_1_43' title="bbox 149 4163 1200 4227; baseline 0.002 -15"><span class='ocrx_word' id='word_1_396' title='bbox 149 4168 179 4212; x_wconf 84' lang='grc'><strong>32</strong></span> <span class='ocrx_word' id='word_1_397' title='bbox 199 4165 300 4227; x_wconf 68' lang='lat' dir='ltr'><strong>legari*</strong></span> <span class='ocrx_word' id='word_1_398' title='bbox 312 4168 342 4213; x_wconf 90' lang='lat' dir='ltr'><strong>ut</strong></span> <span class='ocrx_word' id='word_1_399' title='bbox 357 4163 389 4214; x_wconf 71' lang='lat'><strong>0²</strong></span> <span class='ocrx_word' id='word_1_400' title='bbox 1198 4191 1200 4196; x_wconf 96' lang='lat'>·</span> 
     </span>
    </p>
   </div>
   <div class='ocr_carea' id='block_1_5' title="bbox 0 0 1531 4830">
    <p class='ocr_par' dir='ltr' id='par_1_15' title="bbox 0 0 1531 4830">
     <span class='ocr_line' id='line_1_44' title="bbox 0 0 1531 4830; baseline 0 0"><span class='ocrx_word' id='word_1_401' title='bbox 0 0 1531 4830; x_wconf 95' lang='lat' dir='ltr'><strong> </strong></span> 
     </span>
    </p>
   </div>
  </div>
 </body>
</html>
