3082 4828
562 398 647 410 .—
693 366 753 426 159
797 401 882 412 ...-
1124 367 1182 430 le.
1199 368 1260 415 inst.

182 549 287 612 modat
302 569 381 628 rem,
406 553 450 612 sie
466 553 650 630 commodat,
674 561 709 613 ut
726 573 786 614 non
802 553 895 616 iaciat
911 573 978 614 rem
993 556 1188 635 accipientis,
1207 555 1263 617 sed

181 645 217 698 ut
232 637 261 698 oi
276 633 333 715 utli
349 655 384 698 re
399 635 592 700 commodata
608 641 779 718 permittat.

267 725 413 784 Locatum
444 742 570 803 quoque
601 735 632 785 et
661 721 849 786 conductum
878 727 928 787 ius
954 727 1093 804 gentium
1122 724 1258 788 induxit.

181 826 254 868 nam
277 827 318 868 ex
340 827 402 888 quo
425 811 586 889 coepimus
609 813 823 890 possessiones
846 813 990 892 proprias
1014 821 1045 872 et
1063 831 1113 872 res
1129 810 1258 887 habere,

182 902 214 954 et
235 893 358 954 locandi
380 896 430 956 ius
451 897 558 956 nancti
574 915 684 958 sumus
699 907 731 957 et
747 896 945 958 conducendi
961 917 1012 958 res
1027 898 1161 958 alienas:
1188 906 1219 956 et
1236 898 1262 958 is
1281 907 1295 952 s

181 981 236 1059 qui
251 979 403 1041 conduxit
418 983 488 1042 iure
504 983 646 1062 gentium
661 993 790 1045 tenetur
799 982 840 1043 ad
853 982 1031 1044 mercedem
1045 982 1262 1044 exsoluendam

712 1156 734 1198 11

181 1253 291 1316 reddis
313 1273 394 1334 quae
414 1257 571 1335 accepisti,
599 1255 656 1317 sed
678 1247 769 1316 aliam
793 1258 960 1336 pecuniam
977 1256 1119 1318 eiusdem
1135 1257 1263 1336 quanti-

180 1341 265 1401 tatis,
306 1350 434 1402 mutuae
450 1351 555 1402 autem
572 1340 640 1402 dari
656 1351 787 1422 possunt
804 1361 854 1402 res
870 1362 932 1402 non
949 1343 1044 1421 aliae,
1071 1361 1164 1423 quam
1181 1361 1261 1422 quae

180 1427 323 1508 pondere
339 1445 470 1488 numero
487 1425 634 1489 men'sura
649 1428 859 1489 eontinentur.
1282 1439 1312 1484 to

266 1513 406 1594 Depositi
422 1532 548 1593 quoque
564 1513 731 1575 utilitatem
746 1515 796 1574 ius
812 1516 953 1593 gentium
969 1513 1120 1595 perdidit,
1138 1523 1174 1576 ut
1190 1516 1261 1594 quis

181 1597 420 1660 custodiendam
436 1619 502 1661 rem
518 1619 607 1661 suam
623 1600 789 1661 animalem
806 1601 857 1660 uel
872 1597 881 1683 ll

704 1772 737 1814 lll

181 1868 398 1957 coodlparatum
414 1883 461 1934 est
477 1872 680 1934 interdictum
696 1874 785 1935 uelut
801 1874 851 1934 cui
868 1870 996 1951 iniltium
1012 1881 1055 1934 est

707 2046 736 2087 lV
1281 2039 1310 2084 tt

183 2143 271 2231 {quae
294 2143 750 2230 dasastssaassssssaaasal
776 2147 999 2228 adipiscendae
1021 2166 1115 2226 quam
1138 2149 1261 2227 recipe-

179 2232 299 2294 randae
324 2235 545 2312 possessionis,
580 2233 684 2313 qualia
706 2243 781 2294 sunt
804 2232 971 2294 interdicta
993 2251 1070 2304 Qvnn
1092 2251 1208 2296 rrrnvn
1231 2244 1262 2296 et

180 2337 258 2390 orsu
281 2337 492 2379 annunrmrnn.
529 2337 601 2379 nam
618 2320 643 2380 si
661 2317 793 2381 fundum
810 2320 862 2381 uel
878 2319 1086 2381 hereditatem
1101 2319 1261 2401 abaliquo

180 2414 287 2485 petam
302 2423 361 2466 nec
376 2406 415 2465 lis
431 2403 638 2479 defendatur,
664 2407 785 2484 cogitur
807 2404 847 2466 ad
870 2425 920 2466 me
941 2405 1113 2468 translerre
1136 2425 1262 2488 posses-

180 2492 319 2567 sionem,
344 2492 413 2552 siue
436 2509 608 2570 numquam
631 2491 756 2572 possedi
779 2493 848 2552 siue
871 2500 939 2554 aute
958 2489 1105 2576 possdldi,
1143 2493 1261 2554 deinde
1280 2504 1311 2548 eo

180 2577 272 2637 amisi
287 2575 523 2658 possessioneml

713 2751 730 2790 V

183 2849 343 2933 l———ss
364 2859 418 2912 cut
436 2870 494 2931 per
512 2850 678 2932 formulam
699 2851 898 2912 arbitrariam
920 2850 1120 2928 explicantur
1134 2860 1188 2910 aut
1204 2869 1262 2929 per

133 3005 141 3022 ι
182 2938 400 3016 sponsionem,
422 2936 626 3017 prohibitoria
642 2952 718 3000 uero
733 2955 851 3017 semper
865 2954 925 3016 per
941 2937 1141 3014 sponsionem
1157 2936 1261 3014 expli-

182 3031 310 3084 cantur:
336 3023 527 3084 restitutorio
549 3024 603 3084 uel
624 3023 812 3086 exhibitorio
828 3020 993 3082 interdicto
1008 3019 1132 3082 reddito
1146 3023 1173 3082 si
1188 3023 1261 3102 qui·
1280 3033 1310 3078 as

182 3108 254 3170 dem
275 3107 430 3170 arbitrum
450 3109 657 3188 postulauerit
673 3111 700 3170 is
715 3128 786 3171 cum
802 3127 864 3188 quo
880 3109 999 3186 agitur,
1027 3106 1192 3170 formulam
1209 3126 1262 3169 ac-

181 3195 254 3275 cipit
267 3193 478 3271 arbitrariam,
496 3213 554 3274 per
569 3214 664 3274 quam
680 3194 802 3256 arbiter
815 3191 824 3278 ll

458 3365 501 3378 ΑΛΛ
520 3365 871 3380 stflfll'nnfitvvvsssflsspflssrufinum
881 3366 884 3372 ·
895 3365 900 3372 ¹
912 3365 934 3376 w«
959 3365 964 3372 ἱ
976 3365 1007 3376 ην
1018 3364 1198 3377 ΑΛΛΛΛΆΛΛΛμω
1218 3365 1253 3377 „M

251 3470 480 3520 tersolucndam
494 3471 604 3532 liudorff
639 3469 650 3532 11
692 3473 785 3519 sonte
798 3469 890 3518 reddis
902 3470 992 3530 supple
1004 3481 1057 3518 non
1071 3469 1167 3518 eadem
1180 3483 1261 3518 num-

182 3549 291 3586 morum
303 3551 417 3604 corpora
457 3539 467 3602 ΙΙ
511 3543 540 3587 44
560 3553 629 3602 quac
641 3539 668 3602 d]
683 3541 760 3589 tertia
771 3539 857 3587 littora
869 3539 911 3586 oet
923 3551 938 3587 e
950 3539 992 3587 uel
1004 3551 1020 3586 e
1032 3537 1092 3586 uell
1106 3541 1152 3596 est,
1167 3544 1262 3599 quartu

181 3607 224 3655 uel
236 3607 254 3656 d
266 3609 309 3656 uel
321 3621 336 3657 o
348 3609 391 3656 uel
403 3622 418 3658 e
430 3610 511 3658 uelo:
533 3610 687 3657 sententiam
704 3607 803 3656 collatis
822 3606 881 3669 Dtp.
897 3609 939 3665 ta,
955 3611 979 3665 4,
994 3609 1018 3666 2,
1034 3609 1047 3654 3
1064 3609 1110 3670 flu.
1131 3609 1168 3655 stc
1184 3609 1262 3656 resti-

182 3679 254 3725 tuero
263 3679 348 3736 possis
359 3679 423 3726 sunt
438 3681 464 3727 et
477 3677 530 3726 alia
539 3676 675 3740 quaedam
690 3675 834 3725 interdicta
848 3675 969 3738 duplicia
979 3677 1034 3724 tam
1046 3674 1237 3739 adipiscendae
1254 3671 1264 3739 ΙΙ

184 3746 216 3792 ts
235 3743 397 3796 delendatC
425 3747 435 3809 ΙΙ
464 3751 523 3807 post
542 3747 648 3810 cogitur
665 3748 693 3794 io
708 3744 727 3794 C
744 3745 986 3807 stpnomsscortot
1006 3745 1073 3804 quod
1090 3745 1117 3792 m'
1134 3743 1213 3804 fallor
1229 3745 1263 3791 od

182 3813 307 3862 scholium
317 3817 432 3876 marptm'
444 3815 516 3864 hodio
527 3816 640 3864 abscisso
651 3815 811 3874 adscriptam
821 3814 929 3862 remittit
968 3811 980 3874 11
1022 3815 1051 3860 st
1074 3824 1182 3875 semper
1198 3825 1263 3874 pro-

182 3879 311 3932 hibitoria
322 3896 388 3932 uero
404 3882 431 3941 C,
446 3885 592 3934 emendoutt
606 3884 715 3945 Rudorff
723 3882 814 3931 collato
829 3880 894 3930 Gaio
907 3884 931 3941 t,
948 3884 991 3928 444
1026 3881 1036 3942 ΙΙ
1065 3883 1096 3928 44
1112 3882 1263 3930 sententiam

182 3951 274 4000 collato
290 3950 354 4000 Gaio
366 3953 390 4010 t,
407 3955 464 4000 464.
481 3954 528 4000 tos
540 3953 596 4014 fere
607 3963 666 4001 cmo
677 3949 806 4000 Hasclrtto
817 3951 854 3999 stc
866 3951 972 4011 ooptso:
993 3950 1045 4000 nisi
1064 3948 1196 3998 arbitratu
1213 3962 1262 3998 suo

183 4021 342 4070 restituatur
353 4019 397 4068 uel
410 4019 577 4079 exhibeatur,
593 4021 687 4084 quanti
700 4033 732 4068 ea
744 4030 787 4066 res
799 4021 839 4068 est
853 4017 1034 4068 condemnare
1046 4017 1156 4068 iubetur

620 4166 824 4176 ...-
