3066 4826
536 397 622 408 ....
665 363 704 426 97
749 398 835 410 .-.
1010 363 1085 414 Paul.
1098 365 1144 425 IV,
1159 369 1224 416 ³-h

103 554 120 613 3
140 551 174 610 in
191 551 515 618 fideicommissarium
536 548 663 613 dantur.
711 553 774 613 Lex
788 549 925 613 Falcidia
944 553 1083 633 itemque
1099 563 1228 616 senatus

140 637 322 699 consultum
338 637 542 716 Pegasianum
564 635 699 699 deducto
715 639 800 698 omni
816 656 889 700 aere
906 637 1007 699 alieno
1029 638 1225 720 deorumque

140 722 233 784 donis
249 731 395 802 quartam
410 722 556 784 residuae
570 721 756 785 hereditatis
771 722 811 786 ad
833 723 983 785 heredem
1004 725 1105 786 uoluit
1125 727 1227 806 perti-

103 813 119 872 l
139 827 231 871 nere.
264 809 324 881 Qui
338 817 434 870 totam
449 807 657 870 hereditatem
673 810 822 889 restituit,
840 828 911 871 cum
926 819 1070 890 quartam
1084 812 1224 872 retinere

140 913 181 956 ex
203 895 374 975 Pegasiano
400 893 580 973 debuisset,
605 895 633 956 si
653 913 717 956 non
732 898 884 974 retineat,
910 906 1055 976 repetere
1077 915 1144 958 eam
1160 909 1257 960 none

137 989 255 1059 potest.
280 999 339 1042 nee
351 981 435 1042 enim
450 978 628 1042 indebitum
640 981 773 1043 soluisse
784 981 913 1043 uidetur
924 983 978 1062 qui
990 982 1116 1062 plenam
1128 981 1223 1044 iidem

139 1065 290 1128 defuncto
305 1075 466 1147 praestare
482 1067 603 1128 maluit.

415 1252 455 1334 [rr
496 1273 533 1314 un
555 1271 737 1315 arrrnmrrm
759 1253 948 1336 narrnrrarr]

102 1378 113 1436 l
225 1373 374 1436 Recusari
394 1374 554 1436 hereditas
575 1392 638 1434 non
654 1381 778 1434 tantum
793 1372 920 1453 uerbis,
944 1372 1002 1435 sed
1017 1383 1048 1436 et
1069 1393 1103 1435 re
1119 1385 1222 1455 potest

99 1465 117 1524 2
138 1459 247 1520 etalio
263 1461 377 1539 quouis
393 1459 509 1522 indicio
523 1459 706 1522 uoluntatis.
750 1460 848 1520 Heres
863 1478 920 1539 per
935 1461 1136 1540 magistratus
1150 1480 1222 1522 mu·
1240 1475 1271 1519 ro

136 1545 292 1625 nicipales
314 1565 354 1607 ex
368 1547 551 1615 auctoritate
565 1542 719 1626 praesidis
735 1544 1021 1608 fideicommissario
1042 1546 1221 1626 postulante

98 1636 115 1694 3
136 1629 352 1692 hereditatem
373 1631 461 1694 adire
484 1641 516 1694 et
537 1633 706 1694 restituere
729 1631 938 1711 compellitur.
971 1630 1221 1694 ,Fideioommis-

135 1717 241 1778 sarius
256 1717 283 1778 si
298 1717 444 1780 adfirmet
466 1717 617 1780 heredem
632 1716 715 1778 nolle
737 1715 826 1778 adire
842 1716 1069 1796 hereditatem,
1088 1717 1219 1780 absente

136 1821 174 1862 co
191 1803 352 1882 interponi
373 1803 536 1866 decretum
553 1804 633 1866 etin
654 1803 884 1882 possessionem
900 1803 982 1864 mitti
1006 1804 1075 1865 iure
1091 1802 1220 1865 deside-

100 1895 115 1952 l
136 1897 197 1949 rat.
246 1889 431 1968 Suspectam
447 1889 655 1952 hereditatem
671 1888 758 1950 adire
774 1889 953 1969 compulsus
968 1889 1072 1950 omnia
1088 1908 1128 1950 ex
1142 1891 1219 1951 Tre·
1240 1902 1270 1948 ⁴5

133 1973 275 2036 belliano
290 1975 440 2037 restituit.

432 2160 466 2242 [ν’
503 2181 540 2222 nn
562 2176 739 2225 ruorrrcrosr
762 2151 920 2244 ornarem]

100 2287 110 2344 l
223 2280 433 2360 Inofficiosum
454 2280 572 2343 dicitur
591 2289 833 2361 testamentum,
863 2281 948 2363 quod
969 2281 1087 2345 frustra
1106 2281 1219 2345 liberis

134 2367 340 2430 exheredatis
354 2387 418 2429 non
440 2387 480 2430 ex
495 2367 596 2428 officio
615 2369 741 2448 pietatis
757 2367 886 2429 uidetur
907 2387 976 2430 esse
996 2371 1215 2451 conscriptum.

97 2459 114 2518 9
134 2455 207 2515 Post
222 2453 340 2516 factum
356 2474 374 2516 a
395 2463 494 2528 matre
509 2462 732 2516 testamentum
749 2454 832 2515 filius
847 2463 1048 2535 procreatus,
1067 2474 1131 2516 non
1146 2474 1218 2516 mu·
1236 2469 1267 2514 so

133 2549 200 2602 tata
219 2539 260 2600 ab
277 2559 314 2602 ea
325 2560 396 2602 cum
411 2549 514 2620 posset
534 2540 707 2618 uoluntate,
727 2539 767 2602 ad
786 2541 965 2620 exemplum
983 2541 1148 2621 praeteriti
1167 2543 1218 2602 in-

96 2630 113 2688 3
133 2626 265 2686 officiosi
277 2627 450 2705 querellam
466 2635 550 2687 recte
562 2626 708 2686 instituit.
734 2627 980 2706 Testamentum,
995 2628 1102 2706 inquo
1115 2629 1217 2707 impe-

132 2721 221 2774 rator
235 2712 328 2772 heres
344 2713 480 2792 scriptus
496 2721 554 2790 est,
573 2711 780 2772 inofficiosum
795 2713 884 2791 argui
900 2721 1021 2792 potest:
1041 2731 1114 2774 eum
1130 2714 1215 2773 enim

134 2799 191 2878 qui
206 2797 295 2877 leges
310 2796 384 2860 facit
403 2800 473 2878 pari
488 2799 652 2861 maiestate
673 2797 798 2876 legibus
813 2796 1032 2878 obtemperare
1054 2799 1212 2859 conuenit.

97 2884 194 2956 lQui
210 2881 417 2946 inofficiosum
440 2883 547 2945 dicere
569 2901 631 2943 non
653 2892 770 2963 potest,
795 2883 1003 2946 hereditatem
1022 2892 1131 2964 petere
1151 2902 1214 2944 non
1232 2897 1265 2944 aa

96 2973 113 3031 5
132 2967 332 3049 prohibetur.
371 2971 419 3030 Ex
435 2989 504 3032 asse
519 2971 613 3030 heres
628 2969 791 3031 institutus
807 2967 1013 3031 inofficiosum
1029 2968 1135 3030 dicere
1150 2987 1213 3030 non

134 3065 253 3135 potest:
271 3074 332 3116 nec
344 3057 488 3135 interest,
508 3055 660 3117 exhausta
671 3074 731 3116 neo
742 3074 782 3116 ne
798 3056 839 3116 sit
852 3054 1024 3134 hereditaS,
1043 3075 1115 3117 cum
1130 3053 1215 3134 apud

134 3161 206 3203 eum
224 3149 335 3221 quarta
357 3151 410 3203 aut
424 3142 503 3222 legis
518 3140 672 3203 Falcidiae
687 3149 741 3202 aut
756 3149 884 3202 senatus
905 3141 1037 3202 consulti
1052 3141 1213 3221 Pegasiani

97 3233 114 3290 6
132 3226 289 3288 beneficio
303 3228 344 3288 sit
358 3246 553 3290 remansura.
593 3227 728 3299 Quartae
744 3227 897 3306 portionis
911 3227 1014 3306 portio
1029 3226 1138 3288 liberis
1154 3226 1213 3288 de-

134 3313 229 3375 ducto
252 3331 326 3374 aere
347 3314 449 3375 alieno
471 3323 502 3374 et
523 3313 644 3374 funeris
667 3313 810 3391 impensa
830 3312 1020 3392 praestanda
1036 3322 1096 3392 est,
1120 3323 1156 3375 ut
1171 3311 1211 3374 ab
1231 3325 1262 3370 to

132 3399 299 3462 inofficiosi
315 3399 457 3478 querella
472 3397 692 3474 excludantur.
738 3396 901 3460 libertates
915 3417 1041 3479 quoque
1057 3417 1125 3460 eam
1139 3417 1212 3477 por-

95 3485 113 3545 7
132 3487 253 3548 tionem
269 3484 412 3547 minuere
427 3486 542 3566 placet.
580 3485 676 3545 Filius
690 3482 807 3553 iudicio
826 3485 924 3564 patris
939 3485 966 3546 si
981 3486 1086 3546 minus
1101 3493 1214 3564 quarta

134 3673 183 3687 Ml*

203 3759 228 3818 t,
245 3762 255 3806 r
273 3777 304 3800 =
318 3757 378 3821 Dry.
392 3761 434 3820 ao,
450 3761 475 3818 2,
490 3760 521 3807 aa

132 3893 183 3908 VW

204 4032 261 4081 5si
279 4045 333 4081 non
352 4031 466 4080 retineat
484 4031 531 4080 del.
556 4030 675 4081 Galerius
721 4029 732 4092 ΙΙ
779 4033 810 4079 tt
836 4029 1021 4094 conscriptum
1039 4031 1117 4092 dett,
1143 4036 1211 4080 con'-
1292 4023 1297 4026 ’

134 4103 235 4166 scripta
248 4101 297 4150 ML
337 4099 348 4162 ΙΙ
390 4103 417 4148 at
440 4100 526 4162 possit
538 4099 566 4157 L,
582 4099 658 4148 sitM
690 4097 707 4160 ἸΙ
748 4099 1175 4155 atconuenitl,conuenietl1
1202 4098 1213 4168 [Ι

134 4175 165 4219 25
185 4183 240 4220 non
253 4174 313 4218 cute
325 4170 415 4234 potest
427 4169 474 4216 dcl.
491 4167 631 4217 sichardus
642 4169 691 4216 aior
701 4171 770 4218 recte
805 4168 816 4231 ΙΙ
851 4171 882 4217 32
901 4168 990 4233 placet
1002 4168 1039 4230 M,
1053 4167 1154 4232 placuit
1166 4169 1186 4218 1.

988 4257 1001 4301 7
