3028 4830
299 345 372 395 Paul.
388 345 420 406 ll,
435 348 518 394 9-l2
688 379 774 391 ...-
817 345 858 407 64
901 379 988 392 .-

299 534 407 613 *poter
427 535 497 594 eius
523 531 563 594 de
587 533 618 594 in
646 551 713 595 rem
735 551 829 594 uerso
849 533 972 594 actione
998 531 1178 594 tenebitur:
1208 533 1271 613 ipsi
1294 532 1381 594 enim

298 621 437 680 *mortua
454 621 485 680 in
501 619 698 680 matrimonio
712 619 817 700 puella
833 621 981 699 repetitio
995 617 1079 680 dotis
1092 616 1219 680 datum*

501 825 530 904 [x
572 843 609 885 nr
630 843 753 886 susurre
775 843 926 886 consvero
948 821 1169 903 mennonium]

381 944 441 1015 Qui
457 944 520 1005 filio
542 943 677 1006 familias
699 954 806 1006 contra
829 943 1032 1006 interdictum
1047 944 1235 1023 amplissimi
1258 941 1382 1004 ordinis

296 1031 461 1108 pecuniam
477 1040 618 1092 mutuam
633 1029 817 1108 crediderit,
835 1039 1052 1110 postmortem
1067 1030 1168 1109 patris
1182 1049 1225 1090 ex
1239 1049 1276 1090 eo
1292 1028 1380 1109 quod
1401 1046 1418 1090 5

295 1117 369 1176 uiuo
384 1127 473 1195 patre
489 1115 627 1178 credidit
641 1135 712 1178 cum
728 1136 765 1178 eo
780 1136 874 1196 agere
889 1135 953 1177 non
967 1125 1082 1196 potest.

495 1321 533 1401 [rr
577 1339 615 1380 in
637 1341 762 1382 eruaris
783 1340 953 1382 consum
974 1319 1168 1401 vincerem]

259 1443 269 1501 l
380 1441 412 1499 ln
429 1441 512 1500 omni
528 1459 645 1520 genere
667 1441 864 1521 negotiorum
880 1450 912 1502 et
926 1440 1152 1520 obligationum
1172 1451 1236 1500 tam
1252 1459 1311 1520 pro
1325 1442 1381 1502 ui-

257 1530 275 1588 2
294 1526 337 1586 ris
352 1544 446 1604 quarn
462 1545 518 1606 pro
533 1525 659 1587 feminis
674 1525 872 1588 intercedere
889 1527 1037 1587 mulieres
1053 1525 1276 1605 prohibentur.
1309 1528 1382 1588 llu-

294 1611 362 1688 lier,
381 1630 462 1691 quae
479 1631 535 1692 pro
555 1611 714 1674 tutoribus
730 1613 865 1673 liliorum
887 1631 1015 1673 suorum
1037 1611 1280 1673 indemnitatem
1301 1632 1380 1692 pro-
1399 1627 1434 1672 to

255 1697 395 1774 3misit,
424 1697 464 1758 ad
490 1697 680 1760 beneficium
711 1708 839 1759 senatus
865 1698 999 1759 consulti
1029 1715 1092 1757 non
1118 1698 1267 1777 pertinet.
1321 1697 1378 1759 *si

295 1781 496 1862 *decipiendi
512 1785 634 1862 animo,
658 1785 712 1845 uel
727 1804 800 1845 cum
815 1786 910 1845 sciret
925 1803 959 1845 se
975 1802 1038 1843 non
1054 1785 1168 1860 teneri,
1188 1784 1303 1844 mulier
1316 1802 1378 1863 pro

294 1871 418 1948 *aliquo
434 1871 664 1948 intercesserit,
684 1873 827 1950 exceptio
843 1871 872 1931 ei
887 1879 1015 1931 senatus
1030 1870 1164 1930 consulti
1179 1888 1244 1930 non
1259 1868 1374 1930 datur:

291 1957 462 2015 *actionem
477 1955 578 2034 enim,
603 1974 685 2035 quae
701 1957 733 2016 in
748 1956 854 2017 dolum
871 1956 1014 2017 mulieris
1028 1956 1196 2035 competit,
1214 1955 1378 2035 amplissi-

256 2045 271 2101 l
292 2043 382 2101 *mus
397 2039 472 2101 ordo
487 2059 549 2100 non
565 2040 717 2102 excludit:
752 2043 935 2103 Procurator
949 2041 976 2101 si
992 2040 1142 2102 mandatu
1157 2042 1303 2102 mulieris
1316 2059 1377 2120 pro
1397 2056 1432 2101 ⁴5

291 2126 370 2186 *alio
383 2127 607 2205 intercesserit,
626 2129 808 2207 exceptione
823 2137 951 2190 senatus
966 2127 1101 2188 consulti
1111 2127 1266 2188 Vellciani
1282 2126 1379 2188 adiu-

291 2213 413 2288 *uatur,
432 2231 473 2273 ne
488 2212 565 2273 alias
579 2215 659 2274 actio
674 2211 876 2274 intercidat*

678 2419 728 2498 [xri
771 2435 808 2478 nu
829 2418 982 2497 nnrosrro]

256 2538 266 2595 l
377 2534 559 2615 *Deponere
575 2555 742 2616 possumus
754 2535 839 2616 apud
853 2537 950 2598 alium
966 2536 998 2598 id
1014 2535 1099 2616 quod
1114 2537 1214 2598 nostri
1230 2538 1312 2597 iuris
1324 2546 1374 2598 cst

254 2619 361 2682 2⁴*uel
381 2619 488 2681 alieni.
528 2622 709 2702 Depositum
734 2633 782 2684 est
798 2624 887 2702 quasi
910 2621 966 2684 diu
986 2625 1137 2702 positum.
1176 2621 1373 2684 seruandum
1392 2639 1425 2683 so

252 2709 270 2768 3
290 2705 366 2782 *est,
384 2706 469 2786 quod
484 2707 525 2769 ad
540 2707 639 2770 breue
661 2719 786 2788 tempus
802 2708 1042 2770 custodiendum
1059 2707 1164 2769 datur.
1203 2709 1372 2788 Deponere

289 2791 436 2853 *uidetur
456 2795 510 2873 qui
531 2795 563 2854 in
586 2805 673 2856 metu
696 2796 806 2855 ruinae
828 2795 968 2857 incendii
988 2793 1143 2872 naufragii
1165 2794 1251 2874 apud
1273 2795 1372 2855 alium

252 2881 268 2941 l
287 2877 466 2941 *custodiae
489 2899 582 2941 causa
604 2880 745 2960 deponit.
785 2881 951 2960 Deponere
972 2879 1103 2942 uidetur
1124 2889 1157 2941 et
1171 2882 1215 2957 is,
1242 2882 1298 2958 qui
1315 2898 1373 2941 sn-

286 2967 443 3045 *spectam
472 2965 593 3028 habens
614 2967 666 3028 uel
688 2967 793 3027 minus
814 2966 959 3028 idoneam
986 2965 1160 3027 custodiam
1182 2965 1295 3027 domus
1316 2967 1372 3028 uel

286 3052 372 3111 *uim
392 3051 549 3114 latronum
564 3053 679 3114 timens
694 3051 778 3132 apud
795 3053 931 3132 aliquem
946 3071 1012 3113 rem
1028 3051 1268 3113 custodiendam
1284 3071 1372 3112 ccm-
1390 3067 1422 3114 2⁵

250 3139 268 3198 5
286 3136 441 3198 *modat*
479 3139 510 3198 Si
527 3138 683 3199 sacculum
700 3138 753 3199 uel
766 3149 934 3216 argentum
951 3140 1108 3217 signatum
1124 3137 1318 3218 deposuero,
1337 3148 1371 3198 et

288 3223 314 3282 is
335 3241 434 3302 penes
454 3241 550 3302 quem
573 3222 750 3304 depositum
774 3223 834 3286 luit
854 3243 904 3285 me
930 3225 1029 3285 inuito
1051 3224 1310 3286 contrectauerit.
1337 3235 1371 3284 et

236 3311 270 3370 5⁸
287 3307 421 3388 depositi
439 3320 470 3369 et
486 3307 562 3370 lurti
579 3310 658 3370 actio
674 3310 750 3370 mihi
767 3310 799 3371 in
816 3329 887 3371 eum
903 3311 1061 3390 competit.
1085 3311 1139 3370 *Si
1154 3329 1194 3371 ex
1208 3310 1370 3389 permissu

303 3477 335 3490 ‘r'u
342 3478 520 3491 υννΝΛΛΛΛΛΛ
525 3479 1012 3493 ΝιΛΛΙννκΛκΛΛκνννυννιΛΛΛΛΛΝκΛΛΛΛΛΛ
1294 3480 1369 3492 ΣΛΛΛΑ

357 3565 716 3628 lr,o.t=otp.te,l,to
741 3567 752 3629 ιι
777 3569 940 3626 ta‚l-t=
957 3566 1233 3628 cautiorem-t
1258 3566 1270 3629 p
1295 3570 1368 3627 teo

288 3653 319 3676 =
336 3633 442 3684 deliaco
456 3637 497 3694 to,
512 3636 536 3694 t,
553 3638 577 3683 5.
598 3634 658 3698 neq.
674 3639 715 3694 to,
730 3639 755 3694 a,
769 3639 800 3684 sc
813 3648 854 3696 pr.
881 3634 892 3697 n
917 3639 958 3697 le,
975 3640 1003 3684 5⁸
1016 3657 1047 3679 =
1061 3636 1120 3698 οφ.
1138 3639 1179 3696 to,
1193 3639 1219 3695 e,
1234 3638 1305 3695 nse

454 3771 456 3778 l
477 3769 490 3780 *¹
500 3769 764 3783 st'xVWx'x-ARMRMUXAIW'
771 3769 1089 3784 IUWVXAANUVVWAAM
1301 3771 1365 3782 ΛΑΜ

358 3879 386 3922 to
406 3888 470 3939 pro,
491 3876 557 3936 qood
575 3878 662 3924 toetor
675 3875 867 3936 lntepretatte
887 3876 935 3924 del.
953 3874 1074 3925 Gcicclos
1086 3880 1188 3925 secutos
1203 3874 1264 3924 Cod.
1280 3878 1304 3934 t,
1320 3878 1364 3937 29,

287 3945 301 3986 o
312 3953 355 4002 pr.
377 3948 401 4003 5,
414 3945 459 4003 lo,
474 3948 503 3992 t:
521 3943 601 4006 (cem
612 3943 723 4004 sortasse
735 3957 784 4007 pro
797 3945 910 4006 negotiis
922 3944 1088 4008 pupillorum
1101 3958 1116 3994 a
1129 3957 1158 3993 se
1170 3943 1368 3994 administran-

286 4011 328 4059 dis
357 4011 367 4073 ΙΙ
396 4015 428 4060 ΞΒ
442 4011 554 4076 deponit
568 4012 656 4072 Colli,
670 4011 704 4061 de
715 4011 838 4075 deposito
854 4012 948 4072 cotta,
962 4025 1011 4061 om.
1029 4012 1108 4062 Colt.v
1137 4013 1149 4075 ll
1178 4015 1210 4060 to
1228 4014 1366 4076 signatum

287 4079 334 4128 Ml
347 4093 405 4195 corp
416 4081 552 4142 latuerat.
567 4085 591 4131 et
604 4081 675 4143 Diu,
695 4094 745 4130 om.
759 4082 819 4130 dett.
834 4095 892 4130 com
908 4081 989 4133 Uolt:
1007 4081 1089 4143 scitne
1107 4082 1130 4130 sl
1149 4081 1289 4130 socculum
1309 4084 1366 4145 sig-

286 4152 376 4198 natum
