3028 4830
676 330 968 420 .....v1'..-

282 559 369 610 certa
392 549 568 610 coniectura
590 548 717 628 explere
740 547 831 608 nobis
853 567 915 609 non
931 548 1076 628 contigit,
1100 547 1233 629 singulis
1250 548 1363 609 litteris

283 654 366 715 quae
386 636 552 715 perierunt
572 635 713 696 stellulas
734 634 973 713 substituimus,
1004 635 1139 695 maiores
1160 634 1280 712 hiatus,
1310 635 1364 712 qui

283 730 359 800 quot
374 722 488 782 litteris
505 720 704 782 constiterint
720 730 804 782 certo
820 721 915 782 statui
930 738 992 780 non
1008 729 1125 800 potest,
1148 719 1242 781 lineis
1261 755 1364 763 -—

284 808 509 886 expressimus.
542 815 649 868 contra
665 806 735 866 aliis
751 805 901 884 stellulis,
928 824 1009 886 quae
1025 825 1121 886 supra
1137 806 1253 868 lineam
1269 824 1362 885 quam

284 891 395 954 dicunt
410 893 555 953 collocata
570 900 655 971 sunt,
674 911 727 954 eas
744 892 830 954 Pauli
845 893 1018 958 sententias
1034 910 1116 973 quae
1132 893 1165 953 in
1176 894 1290 972 legem
1302 891 1363 952 Ro-

283 997 405 1040 manam
428 978 673 1058 wisigothorum
696 988 841 1058 receptae
861 997 924 1038 non
945 987 1035 1056 sunt,
1063 987 1094 1040 et
1115 997 1152 1040 ea
1171 978 1295 1059 leiani
1312 996 1363 1037 re-

284 1065 429 1144 gularum
442 1063 624 1144 fragmenta,
645 1066 774 1143 quaein
792 1065 927 1144 epitoma
938 1065 1084 1126 Vaticana
1097 1083 1159 1125 non
1177 1073 1294 1142 extant,
1314 1065 1365 1124 in·

282 1151 444 1230 clusimus,
462 1151 551 1212 uelut
566 1151 599 1211 in
614 1150 729 1230 pagina
746 1151 785 1210 ib
801 1168 914 1212 uersus
930 1149 948 1208 5
962 1168 1032 1230 sqq.

370 1237 404 1297 ln
428 1235 628 1298 adnotatione
650 1236 756 1296 critica
777 1234 900 1297 codices
915 1234 1093 1298 adtentum
1108 1233 1364 1296 constituendum

283 1320 418 1383 adhibiti
442 1322 575 1401 singulis
598 1322 712 1383 litteris
735 1322 892 1383 inclinatis
913 1332 945 1383 et
967 1331 1038 1402 post
1059 1320 1199 1384 codicum
1215 1321 1365 1382 lectiones

284 1408 437 1468 collocatis
453 1406 583 1469 indicati
599 1417 689 1469 sunt:
713 1426 795 1487 quae
811 1407 889 1487 quid
904 1407 937 1469 in
954 1426 1079 1488 quoque
1095 1408 1249 1488 scriptore
1264 1407 1365 1488 signi-

284 1493 393 1573 ficent,
419 1493 452 1554 in
473 1492 723 1574 praefationibus
744 1495 918 1574 uuicuique
940 1496 1089 1574 opusculo
1109 1493 1293 1574 praemissis
1308 1511 1364 1553 ex-

283 1580 432 1659 plicatum
449 1589 507 1641 est.
546 1589 687 1642 ceterum
704 1589 775 1640 nota
794 1580 831 1656 C,
857 1581 884 1640 si
906 1580 990 1660 quod
1008 1599 1087 1660 opus
1101 1599 1164 1641 uno
1180 1578 1285 1642 codice
1301 1578 1364 1640 solo

284 1665 433 1728 traditum
450 1675 513 1745 est,
531 1663 571 1726 ad
588 1666 672 1727 huno
688 1664 931 1745 significandum
946 1667 997 1727 usi
1012 1685 1137 1745 sumuS,
1156 1666 1247 1728 uelut
1262 1667 1295 1733 in
1310 1664 1364 1725 Vl-

283 1753 369 1832 piani
385 1753 504 1832 regulis
520 1761 551 1812 et
567 1752 599 1812 in
616 1750 800 1831 fragmentis
815 1750 855 1812 de
867 1753 935 1812 iure
953 1751 1032 1813 fisci.
1059 1752 1208 1814 litterulis
1222 1757 1236 1788 ⁵
1250 1745 1263 1787 ¹³
1278 1749 1365 1812 codi-

283 1857 354 1899 cum
377 1839 458 1899 uotis
480 1838 661 1918 postpositis
676 1835 918 1916 distinguuntur
933 1836 1050 1906 codicis
1065 1839 1239 1918 scripturae
1254 1837 1365 1918 primi-¹

283 1925 349 1984 tiua
369 1923 411 2005 (u.
427 1943 457 2003 g.
474 1921 518 2003 δ’)
539 1931 570 1984 et
585 1921 752 1984 emendata
773 1917 851 2005 (0¹³).
886 1921 1010 1984 silentio
1025 1924 1297 2002 praetermisimus
1313 1940 1365 1984 eas

283 2009 426 2072 codicum
438 2010 598 2085 lectiones,
618 2025 700 2087 quae
715 2008 768 2069 uel
785 2009 817 2068 in
829 2007 1075 2088 orthographicis
1086 2009 1138 2070 uel
1150 2009 1182 2068 in
1193 2008 1365 2070 uerborum

284 2094 440 2156 diuisione
464 2113 482 2154 a
502 2102 608 2154 nostro
631 2101 780 2155 contextu
801 2093 972 2155 recedunt:
998 2112 1034 2155 ac
1049 2113 1089 2155 ne
1106 2095 1139 2154 in
1155 2093 1367 2175 discrepanti-

286 2179 345 2240 bus
366 2177 496 2258 quidem
519 2177 707 2240 lectionibus
723 2175 943 2240 exscribendis
959 2197 1028 2240 cam
1043 2179 1214 2241 uerborum
1231 2179 1365 2242 diuisio-

284 2284 357 2326 nem
376 2283 457 2344 quae
478 2263 619 2326 librariis
640 2264 758 2344 placuit
776 2273 901 2326 mutare
925 2264 1156 2343 dubitauimus,
1182 2265 1283 2327 sicubi
1307 2267 1366 2326 hoc

283 2349 374 2412 modo
391 2351 515 2413 facilius
531 2349 739 2412 demonstrari
755 2369 847 2431 posse
862 2349 1045 2430 uidebatur,
1064 2350 1181 2430 quibus
1193 2350 1302 2412 uerbis
1313 2351 1366 2413 uel

283 2437 398 2498 litteris
413 2435 628 2517 discrepantia
644 2435 833 2498 efficeretur.

369 2524 534 2584 Praeterea
549 2523 664 2602 passim
681 2522 731 2583 his
747 2522 922 2602 scripturae
939 2521 1134 2601 compendiis
1149 2522 1199 2584 usi
1214 2540 1339 2584 sumus:

390 2677 450 2728 cod.
465 2695 497 2718 =
511 2675 602 2726 Codex
614 2677 779 2728 Iustinianus

389 2745 452 2795 Coti.
467 2765 498 2787 =
512 2744 625 2795 collatio
644 2745 733 2809 legum
751 2746 934 2796 Mosaicarum
953 2747 980 2796 et
996 2746 1188 2797 Romanarum.
1229 2743 1308 2796 Cottij
1326 2747 1368 2795 cst

514 2814 637 2864 eiusdem
653 2814 740 2864 codex
751 2814 944 2876 berolinensis
965 2815 1031 2864 olim
1043 2817 1156 2877 Pithoei,
1181 2815 1266 2867 cottw
1280 2813 1365 2864 codex

514 2880 743 2944 vindobonensis,
761 2883 840 2934 Colt.v
853 2883 939 2934 codex
951 2885 1132 2935 vercellensis

389 2949 464 3000 Coss.
479 2971 510 2994 ιε
525 2951 691 3002 Consultatio
703 2953 805 3002 ueteris
816 2953 993 3004 iureconsulti

388 3019 447 3083 Dia.
462 3041 494 3064 =
507 3021 615 3084 Digesta
627 3021 768 3072 iustiniani

388 3088 451 3136 F=
463 3089 633 3152 Digestorum
647 3089 733 3148 codex
745 3089 914 3140 florentinus

390 3156 447 3206 Gai.
462 3177 494 3200 -=
508 3159 556 3208 Gai
570 3159 754 3209 Institutiones

387 3225 462 3274 Poot.
477 3245 509 3268 τι
523 3228 598 3277 Pauli
610 3228 758 3278 sententiae

390 3295 445 3344 Vct.
461 3313 493 3338 =
506 3297 635 3346 Vaticana
647 3295 795 3360 fragmenta

390 3363 444 3424 le.
459 3383 491 3406 π
505 3365 612 3430 leiani
625 3364 694 3416 liber
707 3365 852 3428 singularis
864 3364 1018 3428 regularum

368 3500 403 3560 ln
425 3499 483 3560 hoc
504 3510 586 3562 toruo
602 3501 796 3582 perficiendo
812 3499 1089 3580 diligentissimam
1105 3518 1211 3580 opem,
1236 3511 1272 3563 ut
1287 3502 1365 3563 solet

283 3586 402 3665 amicis,
422 3586 498 3646 mihi
515 3587 586 3648 tulit
602 3587 777 3650 Guilelmus
792 3586 1005 3649 Studemuud.
1088 3653 1093 3658 Α
1226 3597 1228 3600 ’

367 3721 544 3801 Regimonti
560 3722 613 3784 die
628 3743 650 3785 x
665 3743 707 3786 m.
726 3724 795 3785 lulii
815 3723 897 3785 4878

1004 3874 1135 3942 Paulus
1157 3874 1321 3957 amager
