3028 4830
293 307 353 370 le.
367 309 398 358 st
683 329 770 352 ·-.
813 309 853 370 30
898 341 985 352 .-

293 495 388 556 tacite
623 514 759 557 uonrrsu
776 494 935 569 W.
954 513 1042 556 auara
1281 517 1378 558 nour-

294 599 354 641 uru
368 599 454 659 naar,
474 580 603 642 heredis
618 581 729 643 electio
746 591 802 661 est,
821 599 908 663 quem
923 582 1001 643 uelit
1017 580 1103 643 dare.

236 665 274 724 tt
379 664 461 728 Ante
484 665 609 728 heredis
631 669 859 730 institutionem
880 667 978 748 legari
1001 684 1063 729 non
1086 677 1207 747 potest,
1229 671 1379 747 quoniam

236 753 274 811 tt
293 753 343 813 uis
358 763 390 813 et
405 761 542 832 potestas
558 756 736 814 testamenti
754 753 795 814 ab
810 752 936 815 heredis
952 754 1146 816 institutione
1160 755 1282 834 incipit.
1311 757 1378 816 Post

293 846 426 898 mortem
448 837 578 899 heredis
594 839 692 919 legari
715 859 776 900 non
793 848 912 919 potest,
932 858 973 900 ne
989 838 1029 900 ab
1045 837 1174 900 heredis
1196 839 1316 902 herede
1333 841 1378 903 ie·
1398 859 1412 901 a

293 924 359 1004 gari
378 923 541 1002 uideatur,
561 925 647 1005 quod
663 926 740 986 iuris
756 925 859 986 ciuilis
875 926 954 986 ratio
976 943 1038 986 uon
1055 927 1184 1005 patitur.
1221 927 1254 987 ic
1269 929 1379 988 mortis

292 1019 398 1072 autem
414 1009 540 1071 heredis
555 1021 682 1091 tempus
697 1013 797 1090 legari
811 1020 924 1091 potest,
942 1012 1032 1072 uelut
1047 1031 1104 1072 cru
1116 1030 1205 1073 reuss
1215 1031 1375 1074 uonrmva.

235 1095 273 1155 ii
379 1098 498 1157 Poenae
515 1115 608 1157 causa
624 1097 721 1176 legari
737 1116 799 1158 non
814 1107 928 1177 potest.
960 1116 1081 1177 poenae
1097 1107 1202 1159 autem
1218 1117 1313 1160 causa
1328 1100 1379 1161 le-

293 1190 384 1262 gatur
399 1181 483 1262 quod
499 1183 665 1244 coercendi
677 1182 805 1245 heredis
820 1202 916 1244 ceusu
928 1185 1129 1263 relinquitur,
1147 1193 1183 1245 ut
1199 1183 1291 1246 iaciat
1303 1186 1379 1264 quid

293 1276 347 1328 aut
363 1286 425 1328 non
440 1267 552 1343 iaciatf
576 1288 638 1330 non
661 1279 697 1330 ut
713 1269 753 1330 ad
776 1269 958 1348 legatarium
975 1271 1147 1349 pertineat,
1172 1280 1208 1330 ut
1230 1281 1307 1351 puta
1322 1272 1379 1332 hoc
1398 1288 1426 1332 to

293 1353 401 1414 modo:
428 1371 453 1414 st
475 1371 573 1414 ruris
589 1374 666 1416 rviu
690 1374 720 1417 nr
735 1373 919 1418 uarnruortro
933 1357 1018 1416 Trrro
1035 1373 1261 1434 cottocirums,
1280 1375 1378 1418 nncsrr

293 1461 379 1501 ultra
396 1441 466 1500 Suro
481 1458 571 1501 niro.

236 1527 274 1585 ts
380 1527 520 1587 Incertae
547 1544 698 1605 personae
724 1527 822 1605 legari
844 1545 908 1588 non
935 1535 1054 1606 potest,
1084 1528 1185 1589 ueluti
1211 1547 1377 1601 ovicvuorr

293 1631 369 1672 ruro
384 1631 440 1673 uro
452 1631 551 1672 rnnu
567 1632 641 1673 svau
657 1631 688 1673 nr
700 1631 886 1688 uirnrnorro
900 1630 1127 1692 conuocaretur,
1146 1633 1175 1674 nr
1187 1635 1288 1676 arnas
1302 1637 1379 1677 nrm

293 1717 350 1759 ror
362 1717 446 1760 utrm
461 1717 552 1758 niro.
577 1697 637 1760 sub
653 1706 738 1758 certa
752 1707 857 1759 tamen
873 1697 1137 1760 demonstratione
1149 1701 1288 1761 incertae
1304 1721 1379 1782 per·
1398 1718 1427 1762 ta

294 1803 388 1845 sonae
398 1785 501 1864 iegari
516 1793 636 1864 potest,
654 1784 742 1845 uelut
758 1803 793 1843 nx
810 1803 955 1845 ooorarrs
970 1803 1048 1864 uris,
1066 1805 1115 1859 er
1131 1805 1206 1848 urite
1223 1806 1311 1866 surr,
1331 1807 1378 1860 ou

293 1889 400 1932 aarum
414 1889 452 1930 in
467 1887 556 1931 murs
571 1889 650 1930 urru
665 1873 804 1948 rnrrurrj
822 1889 850 1930 cr
866 1889 955 1931 nuans
970 1890 1041 1933 unrs
1056 1891 1143 1933 utro
1157 1891 1246 1933 niro.

236 1957 274 2014 tt
380 1958 488 2035 Neque
505 1975 544 2016 ex
560 1955 919 2018 falsa'demonstratione
941 1976 1045 2037 neque
1070 1977 1110 2020 ex
1132 1958 1207 2019 falsa
1224 1978 1318 2021 causa
1334 1960 1378 2020 ie-

295 2051 401 2120 gatum
417 2042 606 2102 infirmatur.
630 2041 708 2102 falsa
724 2040 948 2103 demonstratio
961 2055 1008 2104 est
1022 2045 1128 2106 uolut:
1148 2046 1234 2106 Trrto
1249 2065 1375 2122 rvrnru,

274 2161 276 2166 ·
294 2145 372 2197 orsu
386 2150 404 2188 a
420 2129 506 2188 Trrro
522 2147 582 2205 eur,
600 2146 640 2188 no
656 2147 749 2205 isco,
769 2147 840 2188 eum
856 2130 882 2189 is
900 2128 1019 2191 fundus
1041 2150 1058 2192 a
1074 2131 1153 2191 Titio
1170 2140 1294 2210 emptus
1316 2151 1378 2193 non
1397 2145 1425 2188 ao

295 2213 346 2273 sit.
372 2212 449 2274 salsa
465 2231 557 2274 causa
574 2225 621 2274 est
637 2213 743 2274 uelut:
763 2215 860 2292 Ture,
880 2232 1012 2285 ovorum
1028 2236 1152 2278 uncorn
1168 2236 1225 2278 uui
1241 2237 1376 2296 ornatur,

295 2318 410 2360 rvunru
425 2317 465 2360 no
482 2318 569 2377 isco,
588 2309 624 2361 ut
639 2301 765 2379 negotia
781 2301 849 2361 eius
865 2319 1039 2380 numquam
1055 2303 1156 2364 Titius
1168 2314 1323 2364 curasset.

236 2385 274 2442 eo
381 2384 408 2445 A
423 2386 572 2464 legatario
589 2386 685 2464 legari
701 2405 764 2446 non
780 2396 891 2465 potest.
947 2413 948 2417 ¹

236 2471 270 2530 et
381 2473 531 2550 Legatum
553 2471 646 2532 abeo
668 2481 790 2532 tantum
811 2472 879 2534 dari
895 2481 1015 2552 potest,
1041 2475 1098 2553 qui
1114 2474 1200 2535 iteres
1224 2475 1379 2537 institutus

296 2563 354 2618 est:
381 2555 516 2636 ideoque
537 2556 600 2618 filio
616 2557 751 2618 familiae
774 2557 893 2620 herede
910 2560 1053 2621 instituto
1082 2560 1135 2622 uel
1158 2579 1252 2640 seruq
1275 2580 1379 2641 neque
1396 2575 1425 2618 25

301 2715 304 2718 -
321 2711 360 2724 M.
364 2710 1092 2726 Mlvvvvvvxmmxsvvvvxmvvanvawvvvwwvvwmvvt

366 2818 375 2862 t
398 2813 479 2865 tacite
491 2815 519 2864 iu
532 2815 612 2864 litura
624 2817 728 2876 scripsit
744 2811 777 2866 Cb
791 2817 894 2876 (monus
907 2817 1018 2876 alteret:
1036 2819 1064 2867 iu
1082 2820 1244 2880 sequentibus
1256 2820 1381 2870 librarius

295 2883 330 2932 iti
341 2895 428 2932 uacuo
439 2885 526 2944 spatio
537 2884 654 2944 reliquit,
675 2885 722 2942 uti
734 2897 781 2932 uos
793 2885 900 2934 liueotes
912 2887 1085 2949 iusemtimus,
1105 2901 1199 2936 mcum
1212 2892 1300 2938 autem
1313 2902 1380 2938 socc.

298 2951 361 3001 XVI
370 2953 456 3000 hiatus
468 2953 495 3000 tu
511 2952 531 3002 C
543 2953 580 3000 sic
592 2954 706 3012 amplectit
717 2955 796 3002 tacite
808 2951 811 3018 Ι
823 2953 970 3016 legauerim
983 2957 1042 3004 titio
1055 2955 1194 3005 hominem
1207 2959 1253 3005 aut
1266 2955 1363 3006 decem
1376 2953 1380 3021 i

296 3021 375 3069 heres
397 3033 474 3070 meus
495 3021 559 3070 dato
581 3021 721 3070 hominem
742 3021 816 3072 dare.
846 3026 1007 3084 propiusue
1029 3025 1132 3086 Vipioot
1149 3027 1302 3074 seutentiam
1320 3027 1383 3075 iaec

297 3089 457 3138 toctmauoi
469 3092 597 3139 restitutio
610 3091 729 3140 accedat:
750 3093 776 3140 et
794 3092 815 3140 si
835 3093 917 3141 tacite
935 3092 996 3142 date
1015 3095 1050 3142 sit
1062 3095 1135 3157 optio
1148 3093 1201 3143 hoc
1214 3094 1297 3144 modo
1310 3095 1382 3144 Trrro

297 3170 413 3208 uoumru
432 3171 465 3206 no
484 3171 559 3209 usco.
592 3159 614 3207 si
632 3173 699 3208 uero
711 3173 760 3223 per
773 3159 983 3220 damnationem,
1003 3161 1079 3212 uelut
1096 3176 1177 3212 uanus
1195 3176 1261 3212 usvs
1280 3177 1383 3214 nuris

297 3239 358 3275 asro
371 3239 487 3277 noumru
500 3240 567 3277 niae
584 3224 595 3294 ΙΙ
617 3231 631 3276 2
645 3242 725 3292 quern
742 3228 872 3290 Cuiocius,
886 3243 971 3280 uacuo
983 3233 1066 3292 spatio
1078 3233 1167 3280 reticio
1180 3245 1229 3282 om.
1248 3231 1276 3292 C,
1292 3234 1345 3282 nisi
1358 3232 1383 3280 X

296 3298 325 3344 in
341 3295 614 3357 Codscripsitmacus
626 3310 693 3346 suec.
710 3297 774 3347 XV!
804 3293 814 3363 ΙΙ
850 3301 863 3345 3
883 3298 984 3348 herede
1003 3300 1171 3350 institutione
1192 3299 1384 3360 Ctemeudauit

296 3377 391 3412 mortus
409 3375 477 3414 saec.
493 3365 564 3424 XVI)
600 3363 609 3429 Η
646 3367 721 3416 tuis
742 3365 952 3429 Concepieterus‚
973 3368 1065 3418 ΜΟ
1099 3365 1109 3434 ΙΙ
1144 3369 1384 3419 institutionemC

298 3434 627 3494 (ermendroeuusreeeus)
654 3430 664 3500 ii
690 3435 760 3497 tiu]
775 3435 836 3484 etC
862 3433 871 3500 Η
900 3438 1065 3486 imorietur
1077 3438 1235 3497 Luciumue,
1250 3440 1385 3488 moriatur

301 3501 320 3551 C
347 3501 357 3568 ii
386 3502 602 3553 commemo
630 3499 640 3566 lt
669 3503 735 3566 quid
751 3503 1041 3567 Cuiocius,quidem0
1066 3502 1077 3573 ΙΙ
1109 3506 1249 3556 toadoot.
1268 3506 1288 3557 C
1310 3503 1320 3572 ΙΙ
1344 3508 1384 3558 le-

298 3574 420 3632 getarum
437 3571 457 3622 C
478 3570 488 3637 ΙΙ
513 3575 540 3619 tt
558 3571 653 3620 decem
666 3573 741 3621 milia
759 3573 847 3632 Titius,
861 3571 1094 3632 decemi'(decimi
1110 3571 1151 3636 Cb)
1167 3580 1287 3636 sequente
1298 3590 1384 3626 uacuo
1414 3577 1418 3582 '

298 3642 380 3699 spatio
393 3639 412 3689 C
419 3657 426 3688 :
439 3653 534 3689 mortus
542 3653 633 3689 recens
642 3642 749 3690 iuducit
756 3641 856 3690 litteras
865 3642 903 3690 mi
913 3646 938 3690 et
945 3655 1059 3691 uacuum
1070 3645 1184 3704 spatium
1194 3645 1274 3693 uerbo
1287 3645 1385 3695 decern

298 3709 413 3767 expleuit
435 3705 445 3774 ΙΙ
469 3713 499 3757 ta
517 3722 634 3773 persona
650 3709 669 3760 0
691 3705 701 3774 ΙΙ
726 3712 755 3758 tt
775 3708 861 3758 filium
874 3722 965 3759 meum
981 3711 1001 3761 C
1022 3707 1033 3775 ΙΙ
1055 3711 1134 3761 heres
1146 3725 1223 3762 meus
1238 3713 1383 3776 Secutum,

299 3775 403 3824 homini
420 3777 440 3827 C
473 3775 483 3843 ΙΙ
518 3781 549 3826 to
568 3780 608 3828 tot
619 3777 694 3828 milia
711 3779 799 3838 Titius,
813 3779 853 3826 tot
864 3780 902 3826 mi
915 3784 1035 3840 sequente
1046 3793 1131 3829 uacuo
1142 3784 1225 3842 spatio
1241 3781 1275 3831 C:
1289 3795 1385 3832 meum

299 3845 395 3892 soeculi
409 3846 472 3895 XVI
486 3848 727 3896 totmiiudumitct
740 3850 848 3896 centum
861 3848 991 3896 substituit
1018 3843 1028 3913 ii
1057 3849 1160 3898 'moerin
1175 3849 1208 3899 0³
1235 3845 1246 3915 ii
1276 3854 1306 3898 tr
1326 3853 1386 3915 pri-

299 3924 361 3960 mus
374 3913 511 3977 Boeoticp,
525 3917 614 3978 primo
630 3916 649 3966 C
676 3913 687 3982 ss
718 3919 747 3962 49
767 3914 891 3978 fundum]
911 3919 1055 3976 requiritur
1067 3920 1131 3967 certi
1141 3918 1218 3980 suedi
1230 3921 1383 3982 desipientia,

299 3993 365 4040 quoe
376 3982 487 4042 sortasse
498 3987 526 4034 io
537 3997 594 4033 uoo.
609 3985 667 4034 titio
682 3986 744 4034 tutet
769 3981 781 4050 ii
805 3987 836 4032 22
855 3987 886 4033 ut
901 3984 929 4044 C,
942 3997 1004 4034 cum
1021 3985 1142 4035 Cuiocius
1167 3986 1176 4050 {t
1206 3989 1238 4036 ti
1258 3987 1292 4036 ab
1306 4002 1339 4038 eo
1355 3989 1383 4048 0,

300 4049 325 4097 ei
339 4052 483 4100 emendoutt
494 4065 589 4102 monus
600 4065 689 4102 recens
717 4049 728 4120 ti
756 4053 835 4103 heres
848 4053 987 4104 institutus
1000 4058 1041 4104 est
1053 4055 1185 4104 Huschke:
1198 4059 1226 4104 ic
1239 4055 1386 4117 otpertum

298 4131 413 4166 uacuum
423 4119 542 4168 relictum
554 4126 607 4179 est,
622 4123 688 4182 quod
698 4135 793 4172 manus
805 4135 873 4172 suec.
890 4122 952 4171 XVI
960 4123 1047 4172 ueritis
1060 4128 1203 4174 extraneus
1217 4128 1258 4174 est
1270 4127 1386 4186 eupleutt
