3066 4826
270 312 346 362 Paul.
360 312 393 373 V,
408 314 450 362 tu.
467 313 497 358 tc
650 342 737 356 ...-
781 309 842 370 124
885 341 971 354 ...-

230 500 250 560 2
270 498 367 561 dehet
382 506 414 560 et
427 497 576 578 dignitas.
622 497 658 559 ln
672 496 809 560 adtinem
826 497 880 560 uel
894 461 1058 578 cognaium
1081 498 1173 560 inuiti
1189 505 1287 559 testes
1303 497 1357 558 in-

230 587 248 645 3
269 585 421 665 terrogari
442 603 505 646 non
521 593 663 664 possunt.
709 581 873 646 Aduersus
887 603 921 645 se
937 585 1077 646 inuicem
1100 593 1249 665 parentes
1265 593 1298 644 et
1313 584 1356 645 li-

268 670 350 750 heri,
369 671 508 750 itemque
524 668 632 730 liberti
648 689 707 732 nec
720 670 864 732 uolentes
879 669 919 732 ad
934 670 1149 732 testimonium
1163 669 1355 732 admittendi

268 766 361 835 sunt,
390 758 465 836 quia
486 757 532 817 rei
557 752 654 818 uerae
678 755 893 818 testimonium
919 755 1119 818 necessitudo
1145 774 1354 836 personarum

231 845 248 904 4
269 843 459 924 plerumque
475 842 658 922 corrumpit.
706 843 830 920 Testes,
854 860 925 903 cum
942 840 1060 904 deiide
1076 840 1257 904 tabularum
1271 841 1355 903 nihil
1374 852 1389 899 a

200 1001 203 1008 ι
229 927 402 1008 edicitur,
428 927 581 990 aduersus
602 927 789 1008 scripturam
804 927 992 1009 interrogari
1015 947 1077 989 non
1098 936 1243 1008 possunt.
1290 928 1353 1000 Qui

268 1012 346 1076 falso
361 1014 414 1076 uel
436 1014 524 1078 uarie
548 1013 726 1076 testimonia
748 1012 899 1075 dixerunt
920 1014 974 1076 uel
994 1015 1123 1094 utrique
1143 1014 1226 1095 parti
1243 1012 1355 1094 prodi-

268 1099 402 1178 derunt,
429 1107 483 1162 aut
511 1100 545 1160 in
569 1101 698 1161 exilium
719 1109 857 1180 aguntur
879 1100 988 1161 autin
1010 1100 1147 1162 insulam
1169 1099 1356 1180 relegantur

228 1189 248 1246 6
267 1195 321 1249 aut
336 1187 423 1248 curia
438 1183 679 1247 submouentur.
718 1185 754 1246 ln
769 1204 803 1246 re
819 1186 1000 1266 pecuniaria
1015 1194 1181 1264 tormenta,
1201 1185 1264 1246 nisi
1280 1204 1354 1248 cum

266 1271 307 1334 de
324 1271 420 1334 rebus
436 1271 637 1334 hereditariis
652 1272 826 1352 quaeritur,
845 1290 908 1332 non
923 1270 1133 1334 adhibentur:
1152 1271 1230 1334 alias
1245 1280 1353 1336 autem
1374 1283 1408 1329 to

267 1357 474 1421 iureiurando
489 1366 544 1420 aut
559 1356 695 1420 testibus
710 1357 922 1438 explicantur.

520 1545 578 1628 [rvr
621 1565 658 1606 nn
681 1565 830 1608 sunroarn
853 1545 1092 1624 crtnsrrorturs]

141 1674 143 1679 '
231 1670 243 1728 t
354 1667 490 1728 Seruum
511 1664 552 1727 de
574 1665 654 1728 iacto
670 1667 752 1728 in'se
769 1666 958 1746 interrogari
972 1683 1065 1746 posse
1088 1667 1166 1728 ratio
1183 1665 1354 1744 aequitatis

266 1751 421 1814 ostendit:
445 1771 505 1814 neo
526 1753 612 1813 enim
628 1751 738 1815 obesse
754 1753 784 1813 ei
799 1751 911 1830 dehet,
936 1751 992 1832 qui
1006 1770 1065 1832 per
1085 1770 1213 1814 seruum
1229 1750 1354 1831 aliquid

228 1838 335 1901 isine
351 1839 494 1903 cautione
517 1837 694 1900 commodat
714 1839 764 1900 uel
786 1836 927 1918 deponit.
975 1835 1075 1899 ludex
1095 1837 1241 1900 tutelaris
1257 1837 1353 1898 item·
1373 1849 1406 1895 ts

267 1943 329 2004 que
351 1923 559 2002 centumuiri,
584 1924 611 1985 si
634 1924 726 1988 aliter
746 1922 786 1986 de
806 1922 902 1986 rebus
929 1919 1133 1985 hereditariis
1151 1923 1205 1984 uel
1227 1921 1267 1984 de
1287 1921 1351 1986 fide

267 2011 396 2090 generis
417 2010 532 2071 instrui
555 2029 618 2071 nou
632 2020 779 2091 possunt,
797 2018 946 2090 poterunt
960 2007 1002 2070 de
1024 2009 1127 2071 seruis
1148 2007 1353 2072 hereditariis

228 2098 247 2157 3
266 2094 383 2158 habere
400 2095 628 2176 quaestionem.
675 2096 768 2158 Serui
789 2096 885 2157 alieni
900 2095 934 2160 iu
949 2095 1082 2164 alterius
1101 2103 1195 2175 eaput
1210 2113 1274 2156 non
1289 2095 1353 2156 nisi

266 2182 383 2261 singuli
398 2182 539 2262 torqueri
562 2191 704 2262 possunt.
750 2190 782 2244 et
796 2182 856 2244 hoc
871 2181 972 2243 inuito
987 2180 1113 2243 domino
1134 2200 1198 2243 non
1213 2189 1262 2242 est
1276 2199 1354 2260 per-

267 2266 475 2345 mittendum,
500 2267 562 2328 nisi
586 2266 720 2346 delator,
747 2267 838 2329 cuius
858 2267 992 2329 interest
1007 2266 1093 2348 quod
1115 2264 1254 2328 intendit
1276 2285 1353 2347 pro-
1370 2280 1403 2326 to

267 2352 362 2432 bare,
386 2353 490 2434 pretia
512 2372 621 2415 eorum
637 2354 747 2434 quanti
762 2352 908 2416 dominus
927 2354 1083 2416 taxauerit
1101 2351 1221 2414 inferre
1237 2353 1279 2414 sit
1293 2371 1353 2434 pa·

230 2441 248 2501 4
268 2450 366 2517 ratus,
380 2439 433 2501 uel
445 2447 531 2500 certe
543 2438 709 2501 deterioris
720 2438 794 2502 facti
806 2439 892 2501 serui
904 2438 1015 2503 subire
1026 2439 1229 2501 taxationem.
1253 2440 1351 2501 Seruo

268 2526 324 2605 qui
345 2525 427 2586 ultro
446 2523 568 2605 aliquid
590 2524 630 2588 de
646 2524 772 2588 domino
788 2524 970 2604 confitetur,
996 2524 1075 2588 fides
1097 2544 1160 2586 uon
1176 2544 1353 2587 accommo-

268 2611 381 2692 datur:
403 2629 464 2672 nec
478 2612 563 2672 enim
578 2619 701 2692 oportet
715 2613 749 2672 in
765 2610 862 2673 rebus
878 2610 986 2673 dubiis
1001 2611 1135 2674 salutem
1150 2609 1351 2672 dominorum

227 2698 248 2758 h
267 2716 434 2759 seruorum
448 2695 579 2758 arbitrio
594 2698 755 2759 committi.
803 2698 896 2760 Serui
918 2699 951 2759 in
967 2705 1062 2780 caput
1076 2697 1194 2760 domini
1210 2715 1317 2778 neque
1332 2715 1352 2758 a
1369 2709 1403 2756 aa

266 2781 414 2864 praeside
429 2801 535 2863 neque
551 2803 569 2846 a
582 2792 803 2864 procuratore,
821 2801 928 2864 neque
944 2785 976 2845 in
998 2783 1189 2864 pecuniariis
1204 2801 1300 2863 quam
1316 2783 1352 2844 in

229 2873 247 2930 6
267 2867 456 2950 capitalibus
471 2870 574 2932 causis
595 2871 784 2950 interrogari
799 2877 941 2949 possunt.
988 2869 1169 2932 Communis
1188 2887 1302 2931 seruus
1318 2869 1351 2929 in

228 2955 361 3036 'tcaput
381 2955 511 3017 alterius
527 2975 568 3017 ex
581 2954 717 3017 dominis
738 2956 880 3036 torqueri
895 2974 959 3018 non
979 2963 1095 3036 potest.
1141 2955 1202 3028 Qui
1221 2973 1351 3018 seruum

268 3040 338 3102 ideo
355 3043 568 3122 comparauit,
590 3060 631 3103 ne
647 3043 678 3103 in
695 3061 729 3103 se
745 3050 965 3122 torqueretur,
983 3041 1127 3103 restituto
1142 3041 1245 3122 pretio
1260 3048 1352 3122 pote-

227 3129 248 3188 8
267 3128 308 3188 rit
324 3127 525 3209 interrogari.
549 3129 670 3190 Seruus
684 3129 718 3188 in
733 3136 828 3208 caput
843 3128 912 3190 eius
926 3126 1057 3206 domini,
1075 3145 1167 3207 aquo
1182 3126 1352 3189 distractus
1370 3138 1402 3184 to

267 3222 314 3274 est
329 3214 443 3294 cuique
466 3213 635 3294 aliquando
655 3214 808 3293 seruiuit‚
831 3214 865 3274 in
880 3214 1063 3275 memoriam
1082 3214 1198 3294 prioris
1220 3211 1350 3276 dominii

267 3383 310 3396 ΛΝ
320 3380 500 3396 ΝΛΛΛΛΛΛΛΛΛΛΛ

338 3469 744 3533 ta,r.a=cottaooo,a‚n.a
775 3469 787 3534 ι
818 3466 1352 3536 raa=cottattos,antq.m,r,tctt

268 3538 658 3602 tc‚r=nt9.te,te,ts,t
695 3537 706 3602 ιι
741 3537 1175 3603 tc‚t-nt9.te,ta,to,ett
1212 3535 1351 3599 too-ab

267 3625 300 3649 ε
313 3607 373 3671 oq.
389 3609 431 3668 te,
447 3609 488 3668 ta,
505 3609 546 3668 ts,
561 3610 626 3657 o-s

1298 3744 1350 3758 wu-

337 3850 351 3896 t
371 3849 566 3898 nouitatem
581 3845 656 3908 Coit,
669 3848 722 3898 nist
736 3847 772 3906 tt,
787 3860 837 3897 om.
851 3847 871 3898 t
906 3845 917 3910 ιι
953 3849 968 3895 6
985 3847 1095 3910 dieitur]
1107 3847 1219 3910 sortasse
1231 3845 1351 3897 obicitur

265 3927 319 3964 cor.
350 3915 361 3978 ι
391 3919 422 3965 tt
441 3914 521 3979 iacto]
538 3914 609 3966 iacto
622 3928 672 3966 suo
689 3915 1105 3978 Cuicciuecumlnterpretcttone
1133 3916 1144 3980 ιι
1175 3919 1206 3965 ts
1225 3929 1350 3967 commo-

267 3981 314 4034 dat
331 3983 375 4033 uel
392 3983 559 4044 Studomuod,
580 3983 784 4035 commodatum
802 3985 901 4034 codices
940 3984 951 4047 ι
992 3987 1024 4032 m
1042 3997 1122 4035 seruo
1140 3987 1201 4035 dett.
1216 3985 1347 4048 cuthy.

266 4064 366 4102 seruus
378 4052 427 4106 ttt
455 4052 467 4116 ιι
494 4054 528 4102 34
547 4053 709 4117 nequeth.
740 4053 752 4117 ιι
781 4054 809 4102 in
822 4053 906 4104 rebus
916 4052 1066 4103 dubiiscm.
1079 4053 1138 4118 th.
1169 4053 1181 4117 ιι
1209 4057 1242 4103 rt
1261 4055 1350 4119 potest

247 4121 304 4183 ιΜ,
319 4121 466 4184 epotam,
480 4117 634 4185 oportettb
662 4120 673 4184 ιι
702 4121 757 4186 qui]
773 4123 797 4172 si
808 4123 870 4186 quis
883 4121 1015 4187 Setotttep
1115 4141 1117 4146 ·
