3028 4830
442 1252 696 1338 PRAEFATIO
723 1253 927 1338 llllITlllllS

228 1466 315 1527 Pauli
338 1466 568 1526 sententiarum
584 1463 676 1525 hodie
700 1483 762 1525 non
779 1474 950 1544 supersunt
966 1466 1027 1526 nisi
1050 1463 1224 1544 fragmenta

141 1551 315 1614 ediuersis
335 1549 572 1612 collectionibus
588 1549 739 1630 petenda.
771 1561 867 1629 atque
889 1549 1130 1612 fundamentum
1152 1553 1226 1630 qui-

141 1639 213 1702 dem
232 1637 439 1698 restitutionis
463 1645 509 1698 est
525 1655 562 1697 ea
577 1637 735 1716 Epitome‚
755 1655 835 1716 quae
853 1637 943 1716 Legis
957 1638 1113 1698 Romanae
1130 1637 1227 1698 Wisi-

141 1725 306 1804 gothorum
328 1733 451 1802 partem
475 1721 582 1783 efficit.
621 1723 699 1782 haec
714 1723 857 1802 Epitome
880 1723 913 1783 in
928 1721 1119 1803 quibusdam
1136 1724 1226 1803 Legis

140 1812 300 1871 Romanae
318 1807 479 1870 codicibus
494 1809 654 1870 nonnullis
666 1809 832 1870 sententiis
843 1828 883 1869 ex
894 1810 1017 1888 integro
1033 1809 1119 1870 Pauli
1131 1827 1226 1889 opere

141 1895 339 1977 depromptis
366 1903 455 1956 aucta
483 1903 542 1954 est.
588 1892 745 1956 accedunt
768 1895 927 1973 complura
950 1895 1053 1974 capita
1078 1895 1110 1955 in
1134 1895 1226 1956 lusti-

141 1983 231 2044 niani
247 1982 374 2061 Digesta
390 1990 420 2041 et
443 1981 475 2040 in
492 1979 694 2040 Golletionem
712 1989 855 2060 recepta,
881 1981 1028 2060 pauciora
1044 1981 1077 2040 in
1094 1981 1226 2042 Consul-

140 2069 260 2129 tatione
284 2077 315 2127 et
336 2067 369 2126 in
384 2067 541 2127 Vaticanis
563 2065 748 2146 fragmentis
769 2076 800 2128 et
822 2067 855 2127 in
879 2066 1116 2147 Appendicibus
1138 2067 1227 2146 Legis

141 2156 299 2214 Romanae
323 2153 565 2232 Wisigothorum
592 2160 715 2223 extant,
740 2153 908 2214 nonnullae
935 2152 1227 2233 denique—senten-

140 2241 206 2301 tiae
222 2241 254 2300 in
271 2241 352 2318 Lege
368 2239 503 2298 Romana
521 2237 776 2318 Burgundionum
792 2239 939 2300 citantur.

231 2327 292 2385 llos
313 2325 392 2386 iuris
414 2323 511 2387 libros
527 2325 583 2403 qui
602 2325 853 2403 compilauerunt
874 2325 1003 2386 Paulum
1026 2323 1114 2386 uario
1134 2323 1226 2384 modo

141 2421 370 2473 tractauerunt.
403 2409 583 2472 Collationis
599 2403 684 2470 enim
701 2419 731 2470 et
754 2410 995 2472 Consultationis
1018 2421 1049 2472 et
1064 2393 1267 2819 Vq

143 2517 216 2559 rum
237 2495 485 2576 fragmentorum
508 2505 539 2556 et
560 2494 781 2576 Appendicum
808 2495 991 2559 auctoribus
1014 2497 1098 2558 Pauli
1127 2515 1186 2558 uer

143 2591 268 2645 mutare
285 2585 318 2644 in
338 2582 442 2643 animo
457 2601 521 2642 non
536 2581 612 2642 fuit:
644 2581 823 2643 Collationis
842 2592 948 2644 tamen
972 2592 1098 2644 auctore

142 2671 253 2749 plures
269 2668 443 2730 sententias
458 2686 521 2729 uno
536 2669 638 2747 capite
656 2668 928 2747 complecteretur,
946 2675 1009 2731 non
1025 2667 1102 2748 ubiq

144 2756 264 2816 stinum
291 2771 399 2816 earum
426 2752 569 2815 ordinem
596 2771 741 2814 seruasse
764 2773 805 2816 ox
831 2755 926 2815 huius
953 2755 1102 2816 editionis
1127 2753 1167 2814 tit

145 2842 177 2918 ὅ,
198 2842 236 2900 48
259 2839 310 2920 (-.-.-
326 2839 403 2900 (loll.
424 2839 474 2917 44,
493 2841 524 2898 3.
544 2839 574 2900 2.
595 2841 624 2899 4.
644 2840 672 2918 5)
700 2849 731 2900 et
747 2840 777 2917 b,
797 2841 837 2901 20
859 2839 910 2920 (τε
926 2841 1003 2900 Coll.
1024 2840 1075 2917 44,
1094 2841 1124 2899 4.
1143 2840 1174 2899 2.
1194 2838 1223 2918 3)

144 2936 288 3007 apparet.
322 2935 428 2986 contra
444 2926 478 2985 in
493 2925 629 3005 Digestis
645 2925 731 2986 Pauli
746 2925 918 2987 sententias
933 2944 996 2986 non
1012 2927 1117 2986 minus
1133 2942 1227 3004 quam

144 3013 284 3092 reliquos
306 3010 404 3074 libros
425 3022 571 3072 ueterum
594 3012 664 3072 iure
680 3012 892 3072 consultorum
915 3011 954 3072 ab
975 3011 1156 3072 lustinianis
1177 3011 1228 3070 in-

144 3098 315 3180 terpolatos
334 3115 403 3158 esse
425 3107 670 3158 consentaneum
694 3106 753 3158 est.
785 3095 870 3177 quod
891 3096 1031 3177 denique
1053 3095 1093 3158 ad
1114 3098 1229 3175 Legem

144 3186 316 3246 Romanam
337 3183 450 3263 Wisig.
474 3184 603 3260 attinet,
634 3201 826 3263 quamquam
852 3183 948 3245 huius
974 3180 1229 3262 compilatoribus

144 3289 162 3331 a
179 3289 255 3350 rege
267 3268 390 3332 Alarico
406 3266 618 3348 interpolandi
630 3267 761 3330 facultas
776 3267 848 3330 data
864 3283 927 3329 non
943 3278 1001 3346 est,
1020 3268 1119 3328 nihilo
1131 3268 1230 3346 magis

144 3367 251 3418 tamen
264 3372 370 3416 eorum
383 3355 416 3414 in
428 3353 593 3416 tradendis
602 3355 771 3416 sententiis
782 3353 861 3415 fides
873 3353 1070 3416 dubitatione
1083 3361 1228 3432 exempta

146 3451 205 3504 est.
237 3441 294 3521 qui
308 3449 532 3521 praeterquam
546 3439 632 3520 quod
654 3439 695 3502 ad
713 3441 742 3518 4,
760 3441 811 3518 fl,
834 3441 872 3522 40
889 3439 1033 3501 ordinem
1055 3439 1230 3500 sentcntia-

146 3547 218 3589 rum
239 3534 460 3605 mutauerunt,
484 3547 501 3587 a
517 3535 666 3588 contextu
688 3545 797 3588 earum
812 3543 924 3587 manus
938 3544 1001 3587 non
1024 3525 1117 3604 plane
1131 3523 1231 3584 absti-

146 3621 303 3678 nuerunt.
329 3610 385 3672 sed
407 3611 581 3674 mutilando
604 3612 712 3673 saltem
729 3630 782 3672 eos
803 3611 922 3691 aliquot
943 3609 1115 3672 sententias
1131 3609 1231 3668 inter·

147 3698 223 3761 dum
246 3716 375 3778 passum
397 3696 524 3759 dedisse
539 3696 580 3759 ad
598 3698 626 3774 4,
648 3698 676 3772 4,
695 3699 726 3759 2.
747 3698 776 3773 4,
796 3698 826 3774 4,
845 3697 876 3756 3.
897 3697 925 3772 4,
945 3695 996 3771 al,
1017 3695 1047 3752 4.
1068 3695 1105 3753 44
1128 3693 1230 3772 palam

148 3783 234 3864 cst.¹)
255 3782 460 3862 quamobrem
477 3782 611 3844 dubium
627 3791 685 3859 est,
704 3791 812 3843 utrum
830 3783 857 3859 4,
877 3783 907 3856 9,
927 3781 958 3840 2.
977 3780 1009 3854 3,
1028 3780 1059 3856 6,
1079 3777 1129 3856 lt,
1148 3797 1230 3858 quae

153 3936 229 3950 υνυνκ
239 3939 259 3949 »Α
267 3937 353 3948 ΧΛΛΙΛΙ·
365 3936 418 3947 ’ΛΑΝ
437 3932 1230 3948 ΛΜιΝυυψΛΛΛΛΓΛΑΛΝννυκΛΛΝννννννΨΛΝᾺΛΛΛΙΜΝΜΛΜ

218 4019 235 4083 ¹)
257 4019 379 4070 Eandem
391 4018 506 4069 fortasse
520 4019 555 4069 ob
569 4033 679 4070 causam
692 4021 720 4070 in
736 4023 757 4079 t,
774 4022 799 4078 a,
815 4023 824 4065 4
842 4017 958 4068 uerbum
972 4017 1078 4068 finitum
1091 4016 1231 4068 desidera-

148 4091 207 4221 plurg
233 4091 329 4206 poptrp
342 4087 632 4208 εξξίιῖξαεὲοἳιιῦιιι,ροιῑιιε
650 4087 776 4138 socordia
794 4085 933 4136 mutilatae
951 4087 995 4136 uel
1014 4089 1157 4151 corruptae
1170 4089 1232 4136 sunt
