3028 4830
554 399 639 412 ....
685 367 724 428 75
768 399 855 411 ....
1017 365 1092 416 aaut.
1107 367 1141 429 11,
1156 369 1198 416 00.
1212 369 1246 415 00

121 557 138 614 4
160 555 258 616 etiam
274 553 326 615 die
350 552 461 616 feriato
483 555 551 616 lieri
574 563 687 636 potest.
727 552 821 634 Apud
843 554 1046 634 magistratus
1070 553 1246 634 municipe-

159 641 226 717 400,
253 641 279 700 04
295 637 433 702 habeant
447 640 526 720 legis
541 642 711 720 actionem,
737 641 929 720 emancipari
946 649 978 701 et
993 640 1173 702 manumitti
1189 659 1247 720 po-

119 726 138 784 5
160 735 234 787 test.
274 726 371 788 Filius
387 725 523 789 familias
537 727 658 789 inuitus
673 727 867 806 emancipari
879 745 941 787 non
957 727 1089 806 eogitur.

524 897 601 979 [xxvi
644 915 682 958 00
703 896 883 978 anrtrrnus]

122 1019 134 1076 4
180 1046 185 1057 -
247 1015 376 1096 *capite
388 1016 529 1079 seeundo
544 1015 624 1098 legis
635 1017 733 1080 iuliae
749 1015 790 1078 de
803 1015 968 1079 adulteriis
979 1017 1177 1096 permittitur
1189 1035 1246 1096 pe·
1263 1030 1279 1078 t

159 1103 305 1164 *tritam
326 1101 474 1184 adoptiuo
490 1122 584 1183 quam
608 1102 745 1166 naturali
768 1101 948 1165 adulterum
965 1121 1036 1163 oum
1053 1101 1114 1164 iilia
1138 1103 1247 1166 cuius-

158 1190 317 1268 *oumque
330 1187 493 1270 dignitatis
506 1188 588 1250 domi
602 1207 677 1251 suae
688 1189 742 1251 uel
754 1189 864 1270 generi
875 1188 924 1250 sui
937 1185 1173 1268 deprehensum
1189 1208 1247 1266 sua

120 1276 276 1336 2*manu
300 1274 454 1337 occidere.
495 1276 591 1337 Filius
613 1273 747 1338 familias
767 1283 859 1355 pater
875 1275 901 1336 si
923 1274 1020 1335 liliam
1036 1275 1069 1335 in
1089 1272 1245 1336 adulterio

159 1359 441 1440 *deprehenderit
458 1361 568 1423 uerbis
584 1359 713 1441 quidem
729 1361 806 1440 legis
822 1379 919 1440 prope
937 1369 1000 1438 est,
1018 1369 1053 1421 ut
1068 1379 1132 1422 non
1147 1361 1247 1440 possit

120 1449 139 1506 3
158 1445 342 1508 *oecidere:
361 1447 502 1526 permitti
514 1457 619 1509 tamen
636 1447 665 1508 ei
678 1445 785 1525 debet,
803 1456 839 1507 ut
854 1444 986 1508 occidat.
1013 1446 1122 1526 Capite
1135 1447 1245 1526 quinto
1266 1460 1297 1506 40

158 1533 260 1612 *legis
270 1531 368 1594 Iuliae
380 1543 521 1611 cauetur,
539 1541 575 1595 ut
586 1531 766 1594 adulterum
779 1531 1015 1612 deprehensum
1028 1532 1141 1612 uiginti
1154 1531 1246 1594 hores

121 1620 138 1678 4
157 1616 357 1680 *attestando
371 1619 494 1680 uicinos
517 1619 657 1680 retinere
673 1618 777 1680 lioeat.
817 1618 945 1679 Maritus
962 1618 994 1678 in
1015 1617 1172 1680 adulterio
1188 1616 1247 1679 de-

157 1703 355 1784 *prehensos
369 1723 432 1766 non
447 1703 524 1766 alios
540 1723 635 1784 quam
650 1703 783 1768 infames
796 1713 828 1765 et
843 1722 896 1765 eos
912 1704 967 1786 qui
983 1723 1113 1784 corpore
1130 1722 1246 1784 quaes-

157 1791 247 1852 *tum
266 1787 402 1869 iaciunt,
418 1809 527 1853 seruos
546 1791 655 1866 etiarn,
675 1799 807 1870 excepta
821 1809 919 1851 uxore
936 1807 1031 1869 quarn
1044 1789 1241 1869 prohibetur,

120 1877 138 1934 5
158 1874 323 1937 *occidere
346 1885 459 1956 potest.
505 1877 659 1954 Maritum,
690 1877 745 1956 qui
767 1895 897 1938 uxorem
921 1874 1151 1956 deprehensam
1174 1895 1244 1938 oum
1265 1889 1298 1934 ts

157 1961 326 2024 *adultero
347 1961 472 2041 oceidit,
497 1962 644 2042 quiahoc
666 1961 863 2042 impatientia
882 1961 957 2023 iusti
974 1959 1090 2023 doloris
1105 1960 1243 2039 admisit,

121 2051 139 2107 6
157 2049 284 2109 *lenius
299 2048 407 2128 puniri
424 2048 554 2128 placuit.
593 2047 702 2109 Oooiso
718 2047 862 2110 adultero
879 2045 1039 2110 dimittere
1056 2049 1162 2110 statim
1179 2067 1246 2108 ma-

157 2135 261 2195 *ritus
276 2131 372 2194 dehet
387 2153 517 2196 uxorem
534 2143 629 2214 atque
646 2133 686 2194 ita
708 2131 813 2195 triduo
829 2135 972 2214 proximo
988 2132 1146 2214 profiteri,
1174 2153 1245 2196 oum

121 2221 139 2280 7
158 2222 242 2299 *quo
265 2217 410 2280 adultero
434 2229 466 2281 et
489 2221 521 2280 in
546 2239 608 2300 qno
624 2220 690 2280 loeo
712 2238 843 2281 uxorem
866 2218 1149 2300 deprehenderit*
1194 2219 1246 2282 ln·

157 2315 258 2367 uenta
282 2305 314 2366 in
331 2304 485 2368 adulterio
500 2325 599 2368 uxore
616 2307 747 2367 maritus
763 2307 806 2366 ita
822 2305 949 2367 denium
967 2303 1146 2367 adulterum
1162 2305 1246 2368 oeci·
1265 2317 1297 2362 00

158 2477 177 2495 yx
188 2479 192 2488 r
208 2474 357 2489 -wvvvmvv
365 2475 875 2489 ΝννυνννΜιΛΙυννυκΛΛΝνκΛωννννυιΛι
884 2475 1097 2489 tvwvxrvvvrmwxw
1110 2477 1177 2488 aarum
1190 2477 1244 2487 wax»

231 2565 275 2619 tt,
290 2565 355 2610 t-t
368 2564 503 2612 restitutae
515 2567 576 2612 04444
588 2575 622 2612 ece
639 2563 773 2613 Vesontioo
790 2561 1022 2624 1004004404οη0.
1038 2566 1080 2624 et,
1097 2563 1135 2622 48)
1155 2568 1179 2613 04
1197 2563 1246 2612 Va-

159 2635 247 2681 440040
259 2643 313 2694 rep.
331 2634 406 2690 ittt,
426 2633 454 2680 44
466 2644 515 2692 quo
526 2632 648 2694 tepenter
656 2636 716 2694 poet
728 2629 741 2696 1
755 2634 785 2679 44
797 2634 944 2693 praeniissa
956 2634 1094 2694 unicuique
1106 2634 1248 2682 0044044400

158 2713 224 2818 mg
235 2700 444 2816 ⁴lntpzrppetalrtio:
466 2703 508 2758 26,
525 2703 588 2750 tt.
605 2702 715 2748 t-e=-
732 2699 876 2760 0044404404,
893 2704 922 2750 ta
964 2701 975 2763 11
1014 2703 1170 2760 26,t.8=
1188 2699 1247 2751 Cot·

253 2805 260 2828 t
311 2807 317 2830 4
351 2807 357 2819 “

158 2906 163 2912 ·
172 2905 182 2917 υ
188 2905 215 2916 arn
221 2904 279 2916 νυνν
285 2905 294 2916 u
301 2905 311 2916 v
318 2906 327 2915 40
334 2907 344 2916 u
350 2901 1083 2919 ν»ΛΝνκΛΝνννννκΛΛνυνυννυυυ,ΙΜκΝνννυυυνν-ννυυνυνυ
1093 2903 1239 2918 &minutum-uir

233 3009 246 3055 t
265 3020 391 3057 4404404400
408 3007 477 3058 tituli
494 3007 617 3058 XXXVII
636 3008 706 3070 opud
727 3007 861 3058 Calavium
875 3008 981 3058 040044.
997 3010 1039 3067 at,
1055 3011 1085 3056 44
1099 3021 1189 3057 errore
1197 3020 1249 3068 pro

159 3075 262 3128 xxvii
278 3077 432 3137 (0044004040
444 3077 540 3127 scilicet
552 3077 625 3126 444040
637 3076 672 3126 de
685 3075 767 3126 modo
779 3082 805 3137 4,
821 3079 863 3136 44,
877 3077 901 3138 t]
916 3079 1029 3138 00440440
1040 3081 1078 3128 004
1118 3076 1129 3139 1
1172 3079 1186 3126 t
1203 3089 1248 3128 se-

161 3145 286 3195 cundum
299 3145 385 3208 legem
402 3143 481 3194 Vo'tic.
517 3143 527 3207 11
564 3146 763 3209 teuioumque
780 3146 872 3204 Vetto„
886 3146 1019 3208 cuiusque
1035 3145 1098 3196 Coit.
1129 3145 1140 3209 11
1170 3145 1247 3196 'teni

162 3213 238 3272 Coit,
254 3226 303 3264 om.
317 3214 414 3264 Vesoot.
429 3213 508 3264 Votie.
534 3211 546 3276 11
570 3226 618 3264 sua
632 3227 714 3266 manu
729 3213 804 3275 Coit,
818 3227 868 3263 om.
882 3213 981 3263 Vesoot.
995 3213 1072 3263 Votic.
1099 3211 1110 3276 11
1135 3213 1244 3278 titilius]

160 3281 216 3332 iilia
233 3282 312 3332 Vatia.
338 3283 349 3345 11
373 3283 395 3332 04
408 3282 434 3331 40
447 3281 580 3334 adulterio
593 3281 647 3332 fllia
662 3283 740 3332 Votie.
771 3280 783 3345 11
813 3285 827 3332 4
841 3281 934 3333 uerbis
949 3318 955 3330 .
971 3318 977 3331 .
995 3318 1000 3330 .
1016 3286 1057 3332 est
1069 3295 1119 3333 om.
1139 3283 1218 3333 Votio.
1236 3281 1247 3347 11

159 3350 269 3413 utnon]
283 3350 326 3401 uel
344 3351 422 3401 Vatic.
461 3351 472 3413 11
511 3353 541 3399 44
561 3351 679 3416 permitti
693 3354 711 3400 t.
726 3351 751 3400 ei
764 3350 844 3401 debet
860 3351 958 3402 Vetoot.
977 3351 1068 3410 Vatia,
1081 3352 1247 3418 permittitur

160 3425 252 3470 tamen
265 3421 345 3470 etiam
358 3420 382 3470 ei
400 3418 461 3470 Coti.
493 3419 505 3483 11
538 3420 625 3484 capite
643 3420 722 3469 Vetto.
736 3423 761 3469 04
777 3420 875 3470 400044.
890 3420 1030 3470 seeundum
1045 3419 1247 3471 0040044044440-

159 3501 221 3538 uem
240 3492 321 3548 isat,
341 3500 492 3552 rursusque
510 3489 598 3553 eapite
615 3488 713 3538 Vertat.
728 3489 869 3538 0000044444
884 3487 982 3539 0440044
997 3489 1102 3538 Obiere.
1119 3492 1160 3548 et,
1177 3493 1207 3538 48
1236 3484 1247 3554 1

162 3561 190 3605 44
214 3556 295 3607 horas
312 3557 402 3616 40440,
420 3555 495 3606 horis
512 3557 610 3607 Vesont.
641 3557 653 3620 11
683 3561 713 3607 tt
733 3556 907 3608 adtestandes
923 3557 1001 3608 Votic.
1027 3557 1038 3620 1
1062 3557 1247 3622 deprehensus

165 3626 245 3676 Votic.
264 3626 351 3677 00444
367 3625 446 3677 cotta
480 3624 492 3686 1
528 3628 559 3674 te
578 3639 648 3690 quae
663 3624 773 3676 inlamis
789 3625 868 3676 Vatia.
911 3625 922 3690 11
964 3627 993 3674 44
1014 3639 1111 3676 seruus
1127 3627 1206 3676 Votic.
1237 3623 1248 3692 11

160 3695 243 3744 etiarn
260 3695 371 3754 Vesont,
386 3695 449 3744 item
466 3694 556 3753 40440,
570 3695 652 3744 etiem
665 3697 691 3746 04
703 3693 805 3744 liberos
820 3694 882 3746 0044
922 3694 933 3756 11
971 3707 1052 3758 quam
1065 3707 1091 3760 p.
1107 3708 1131 3744 o.
1146 3695 1244 3758 potest]

161 3775 217 3812 non
235 3763 389 3826 prohibitur
406 3761 533 3814 occidere
555 3763 633 3814 40440.
665 3762 676 3826 1
710 3763 874 3813 temeritas
895 3763 974 3814 Vatia.
998 3763 1072 3822 Coit,
1092 3764 1123 3814 440
1145 3765 1244 3814 400044.

160 3835 324 3884 4040040404
353 3832 363 3895 11
393 3830 562 3895 deprehensa
579 3832 658 3882 Vatia.
696 3831 707 3896 1
742 3835 773 3880 te
792 3831 926 3882 adulterio
944 3832 1022 3882 Vettio.
1060 3832 1071 3894 11
1108 3835 1138 3881 44
1158 3831 1247 3883 lenius

165 3901 286 3950 Veienti
307 3900 387 3960 0044,
413 3900 501 3950 leuius
523 3901 601 3950 Vatia.
645 3899 656 3964 1
696 3902 812 3951 maritus
830 3900 920 3951 stetim
940 3899 1076 3950 dimittere
1099 3901 1195 3961 40440,
1215 3903 1248 3952 (te

165 3969 266 4018 Vesuui.
280 3973 442 4019 4040040404
476 3968 487 4030 11
524 3972 554 4016 te
575 3970 683 4019 inuenta
702 3970 730 4018 in
743 3968 788 4019 ad.
803 3981 888 4019 uxore
909 3968 1057 4031 (inuentam
1073 3969 1117 4022 ad.
1133 3982 1245 4022 uxorem

163 4037 253 4099 tour)
265 4039 380 4088 maritus
393 4037 473 4098 1-4040
486 4036 581 4099 Cottii)
597 4038 632 4087 ita
642 4035 752 4087 demum
762 4036 915 4088 adulterum
926 4038 1038 4088 maritus
1054 4039 1135 4102 (-tum
1149 4039 1244 4101 004441

161 4105 288 4156 occidere
301 4107 424 4171 potestsi
437 4117 500 4156 eum
520 4105 594 4167 Coit,
615 4106 753 4156 inuentam
771 4107 799 4156 in
818 4107 862 4157 ed.
882 4119 996 4157 uxorem
1017 4107 1069 4168 (·re
1082 4107 1110 4172 41
1132 4109 1248 4158 medius

160 4177 197 4225 ite
210 4174 322 4224 demum
336 4174 462 4225 occidere
475 4177 573 4238 potest,
587 4175 610 4225 ei
624 4174 779 4225 adulterum
799 4175 935 4240 Wisipotti
