3066 4826
302 320 376 370 raur.
392 319 468 380 uuo
694 351 779 365 ...-
824 318 864 380 90
909 351 995 364 ...-

161 581 163 588 ¹
244 509 283 567 46
300 518 391 589 33343
408 510 441 570 43
461 505 686 570 uenationibus
707 507 866 568 consistat.
913 507 1060 584 Fructus,
1086 507 1142 586 qui
1157 505 1221 566 solo
1237 505 1390 568 cohaere-

191 621 194 632 ·
302 595 378 656 bant
393 595 503 656 mortis
518 594 677 656 testatoris
692 602 843 673 tempore,
860 591 901 654 cd
915 592 1101 672 legatarium
1117 592 1294 672 pertinent:
1314 601 1389 654 ante

245 681 283 740 47
302 681 445 762 percepti
460 679 502 742 ad
524 678 689 742 heredem.
727 677 836 741 Fundo
851 679 953 758 legato
976 697 1047 739 cum
1063 678 1230 756 mancipiis
1248 687 1280 738 et
1293 695 1389 758 peco-

304 766 394 828 ribus
410 775 441 828 et
462 767 547 827 omni
562 766 772 827 instrumento
794 765 912 826 rustico
928 773 960 826 et
982 762 1104 826 urbano
1119 763 1279 844 peculium
1302 772 1389 826 3343-

303 855 436 914 3433343
456 859 638 914 testatorem
653 851 805 930 defuncti,
823 851 850 910 si
867 869 907 913 ex
921 848 1032 912 eodem
1049 848 1145 912 tundo
1161 849 1275 928 fuerit,¹
1287 851 1389 928 magis
1407 861 1422 906 5

244 937 283 996 l8
303 939 405 1016 placet
426 937 467 1000 ad
494 938 681 1018 legatarium
703 937 876 1018 pertinere.
922 935 1017 997 Actor
1038 937 1091 998 uel
1113 936 1241 998 colonus
1265 954 1305 996 ex
1327 936 1388 996 3443

303 1025 401 1086 43343
417 1025 450 1086 43
466 1023 577 1086 eodem
593 1024 797 1102 constitutus,
816 1022 871 1102 qui
888 1040 959 1083 cum
976 1024 1059 1083 omni
1077 1023 1287 1084 instrumento
1302 1019 1390 1101 4333-

303 1121 354 1173 433
369 1119 453 1188 3334,
478 1108 518 1172 ad
534 1110 722 1189 legatarium
743 1127 808 1170 non
830 1109 985 1188 pertinet,
1012 1109 1074 1168 nisi
1094 1127 1166 1170 eum
1189 1106 1230 1169 ad
1245 1109 1296 1168 ius
1319 1107 1389 1168 eius

244 1196 282 1254 49
303 1195 393 1259 lundi
416 1204 547 1258 testator
561 1195 698 1258 uoluerit
711 1195 880 1275 portinere.
927 1191 1173 1273 Adiunotiones,
1194 1212 1273 1274 quas
1289 1191 1388 1254 fundo

302 1283 403 1363 legato
418 1290 550 1344 testator
573 1300 613 1342 ex
628 1280 767 1342 diuersis
782 1278 995 1360 emptionibus
1009 1280 1241 1360 333143333334,
1267 1279 1389 1359 433343-
1409 1290 1440 1335 43
1518 1297 1519 1302 ’

244 1366 282 1424 50
303 1369 350 1430 343
372 1367 487 1430 cedere
508 1368 638 1448 placuit.
690 1368 843 1428 instructo
866 1364 996 1445 praedio
1019 1367 1121 1446 legato
1144 1365 1225 1427 labri
1248 1365 1387 1444 lerrarii,

303 1456 380 1516 item
395 1454 534 1534 44333344,
553 1463 714 1532 putatores
729 1461 760 1514 et
776 1453 831 1532 qui
847 1451 1025 1514 instruendi
1042 1451 1133 1514 fundi
1150 1452 1251 1532 333443
1267 1450 1389 1512 ibidem

244 1538 278 1596 54
302 1539 518 1618 morabantur,
537 1539 638 1620 433343
653 1539 781 1600 cedunt.
818 1539 970 1599 lnstruoto
985 1537 1083 1598 fundo
1099 1539 1200 1617 legato
1216 1536 1292 1598 libri
1308 1555 1390 1617 quo-

303 1646 365 1707 que
379 1635 410 1688 et
420 1625 628 1688 bibliothecae
640 1643 722 1706 quae
738 1627 771 1686 43
784 1623 895 1686 eodem
907 1622 1005 1686 fundo
1020 1624 1207 1703 3334433343
1221 1623 1390 1684 continen-

244 1709 283 1770 54
302 1723 365 1774 433.
405 1710 687 1774 Seruosstudendi
703 1712 802 1791 333443
818 1728 858 1770 ex
879 1709 989 1770 eodem
1006 1709 1119 1788 fundo,
1139 1711 1281 1790 quicum
1298 1727 1390 1770 man·
1409 1720 1440 1766 44

303 1799 393 1878 343443
416 1797 519 1859 433334
547 1797 683 1878 4333433,
716 1797 776 1858 3443
803 1796 971 1856 4333343433
993 1796 1033 1857 ad
1060 1796 1245 1876 legatarium
1268 1795 1390 1875 placuit

244 1881 282 1940 53
302 1885 476 1965 pertinere.
522 1883 630 1945 Funde
646 1884 689 1944 ita
702 1891 738 1944 ut
753 1881 936 1962 possederat
956 1882 1058 1962 433343
1073 1883 1230 1959 mancipia
1252 1891 1317 1942 tam
1332 1900 1390 1942 ur-

302 1970 383 2032 bana
400 1988 494 2050 quam
512 1969 639 2048 rustica,
657 1971 798 2048 itemque
813 1976 979 2046 argentum
996 1977 1028 2029 et
1041 1977 1158 2047 uestes,
1179 1985 1260 2048 quae
1275 1965 1387 2028 eodem

303 2067 445 2136 tempore
462 2056 494 2116 in
511 2054 609 2118 fundo
621 2053 939 2134 comprehendentur,
957 2053 997 2116 ad
1009 2054 1194 2134 legatarium
1209 2055 1385 2133 pertinent.

245 2139 283 2200 54
304 2142 472 2220 Ρ33333443,
492 2159 573 2220 quae
589 2149 697 2220 postea
709 2149 883 2221 comparata
898 2138 937 2201 ad
954 2139 1089 2202 fundum
1104 2140 1242 2220 legatum
1257 2147 1390 2200 testator
1406 2149 1438 2194 43

303 2227 509 2306 adiunxerat,
528 2227 554 2288 si
572 2229 640 2290 eius
655 2227 864 2307 appellatione
881 2227 1118 2304 contineantur,
1143 2225 1183 2287 ad
1200 2225 1387 2304 legatarium

245 2310 284 2369 55
303 2315 476 2394 333443334.
515 2312 677 2392 Quidquid
693 2314 725 2373 in
742 2311 852 2373 eadem
868 2311 969 2390 domo,
989 2329 1083 2390 quam
1099 2313 1286 2374 instructam
1301 2311 1389 2390 4333-

303 2401 352 2461 344
373 2408 464 2480 33433
487 2396 637 2476 lamilias,
665 2407 821 2478 perpetuo
847 2397 1026 2459 instruendi
1054 2399 1154 2478 gratia
1180 2395 1310 2472 babuit,
1341 2397 1389 2457 le-

246 2483 284 2542 56
304 2486 421 2564 3343343
450 2483 545 2545 cedit.
592 2485 745 2546 Instructa
766 2483 857 2545 domo
877 2483 978 2563 legata
994 2502 1030 2544 33
1053 2483 1154 2564 433343
1170 2483 1385 2560 continentur,

304 2570 422 2651 quibus
434 2569 546 2631 domus
560 2571 710 2632 munitior
724 2571 776 2631 uel
791 2578 858 2631 4343
869 2567 911 2630 ab
926 2568 1072 2631 incendio
1082 2579 1276 2653 praestatur:
1296 2579 1389 2648 4333-
1406 2579 1440 2624 ts

304 2658 352 2718 lae
368 2657 545 2737 specularia
561 2667 593 2718 et
615 2657 686 2718 uela
700 2657 802 2736 433343
824 2654 1087 2728 continebuntur:
1114 2657 1190 2717 item
1206 2664 1389 2716 aeramenta

303 2744 377 2815 lecti
400 2743 532 2804 33434433
560 2742 685 2822 3343434
715 2741 866 2802 subsellia
895 2741 1068 2804 cathedrae
1094 2760 1223 2804 mensae
1252 2741 1389 2802 armaria

304 2828 469 2909 delphicae
499 2829 610 2908 334333
637 2828 774 2889 conchae
804 2827 1012 2906 aquimanalia
1035 2826 1223 2888 candelebra
1239 2827 1389 2888 lucernae

245 2911 285 2973 57
304 2924 336 2976 et
356 2915 471 2976 similia
492 2933 691 2994 quacumque
715 2913 847 2974 materia
869 2931 1031 2992 expressa.
1076 2914 1172 2974 Domo
1193 2913 1298 2993 legata
1318 2911 1389 2973 bel·

304 3019 401 3062 neum
417 3001 502 3079 eius,
522 2999 608 3080 quod
621 2999 748 3080 publice
764 2998 952 3078 praebetur,
971 2999 1033 3060 3434
1048 3000 1125 3061 31433
1140 3008 1321 3079 separetur,
1341 2997 1389 3058 le-
1406 3007 1437 3053 33

246 3083 285 3143 58
304 3096 374 3166 3343
390 3085 485 3148 cedit.
531 3087 627 3147 Domo
648 3085 819 3147 cumomni
840 3087 909 3146 iure
926 3103 982 3150 suo
997 3087 1078 3152 sicut
1099 3086 1254 3147 instructa
1276 3094 1326 3146 est
1340 3084 1389 3146 le·
1481 3104 1483 3109 ·

304 3182 375 3253 3343
397 3171 519 3233 urbana
541 3171 675 3250 familia,
701 3171 777 3232 item
799 3171 936 3232 artifices
959 3180 991 3232 et
1011 3171 1154 3232 uestiarii
1178 3179 1209 3232 et
1231 3170 1342 3232 zetarii
1358 3180 1389 3230 et

243 3255 284 3314 53
303 3259 424 3338 aquarii
450 3258 560 3320 itidem
587 3257 693 3320 domui
719 3257 897 3318 seruientes
925 3257 1027 3336 433343
1052 3255 1181 3318 cedunt.
1231 3255 1389 3318 Omnibus

304 3345 435 3424 quaein
458 3342 549 3404 domo
572 3353 646 3406 sunt
666 3343 779 3423 legatis
800 3343 960 3404 cautiones
982 3341 1162 3404 debitorum
1184 3343 1387 3422 rationesque

444 3567 482 3578 (aa
488 3565 739 3579 ,ΛΛΛΙᾺΛΛΛΛΑ-ΛΛΛΙΧΛΙ

374 3719 649 3780 truaconem
689 3719 700 3782 ΙΙ
742 3719 882 3783 leodem]
903 3733 998 3770 eoscr.
1041 3719 1052 3782 ll
1100 3723 1132 3768 44
1150 3723 1177 3769 et
1188 3721 1330 3784 putatores
1342 3719 1387 3784 qni

306 3789 422 3839 Huschke
451 3790 462 3852 ΙΙ
493 3793 522 3838 ta
542 3801 639 3838 seruus
652 3789 688 3848 44,
703 3790 816 3839 seruch
846 3785 857 3852 ΙΙ
888 3793 918 3838 43
937 3788 1084 3840 4333343433
1096 3785 1159 3839 4444)
1188 3789 1199 3851 ΙΙ
1239 3793 1270 3838 48
1290 3801 1388 3852 33333-

305 3862 362 3906 tum
376 3858 405 3918 4,
425 3857 563 3922 33334344
590 3857 601 3921 ΙΙ
631 3861 662 3906 43
681 3858 820 3921 pascualia
834 3859 869 3918 M,
889 3858 1068 3922 3333333434
1098 3857 1109 3920 ΙΙ
1138 3861 1170 3906 43
1190 3857 1344 3908 instruendi
1357 3857 1386 3918 4,

305 3927 457 3976 4334333344
471 3927 541 3977 solt
570 3925 581 3988 ΙΙ
610 3930 641 3976 47
661 3927 767 3990 3343434
780 3928 817 3985 44,
832 3926 976 3991 33434334
1006 3925 1018 3989 ΙΙ
1046 3931 1079 3975 48
1099 3925 1221 3976 3333333
1232 3929 1306 3986 dett,
1322 3939 1389 3976 333-

305 3995 412 4052 33334,
432 4008 481 4044 om.
498 3996 527 4045 M
565 3995 576 4058 11
617 3996 800 4058 aquimanalia
819 3997 891 4054 4344,
912 3995 1097 4059 aquimanulia
1109 3995 1146 4054 44,
1166 3995 1345 4059 aquamiuilia
1357 3996 1386 4055 4,

305 4063 483 4125 aquimtnalia
496 4065 562 4113 34443
576 4063 609 4125 cf.
625 4063 766 4114 Mommsen
778 4066 813 4114 od
828 4064 886 4182 th.
901 4068 943 4124 33,
960 4068 1000 4124 43,
1015 4068 1083 4125 333.
1127 4065 1138 4127 ΙΙ
1180 4068 1208 4112 34
1232 4063 1334 4114 cedunt
1346 4077 1389 4114 33-

305 4132 372 4180 444333
395 4131 406 4193 ΙΙ
431 4133 462 4180 34
475 4133 577 4181 33443344
591 4131 712 4182 03433433
740 4134 751 4196 ll
781 4137 811 4182 33
826 4134 855 4181 444
878 4145 920 4182 em
933 4135 1035 4194 3334334,
1050 4136 1076 4182 34
1088 4132 1161 4182 idem
1174 4132 1387 4194 steterumt
