3066 4826
567 407 654 420 .....
700 373 759 434 157
803 407 890 420 -.
1056 369 1157 422 Dosith.
1173 371 1267 435 Papia.

165 625 167 628 Α
183 571 251 639 tur,
270 579 335 642 quc
349 562 485 624 lustrum
501 561 663 624 conditur:
690 563 871 624 existimant
886 563 972 622 enim
987 579 1117 622 censum
1133 559 1270 622 descen-

185 647 263 708 dere
278 646 318 708 ad
334 647 417 709 diem
434 649 544 724 lustri,
569 667 631 710 non
652 649 788 710 lustrum
803 665 970 710 recurrere
985 645 1025 707 ad
1040 645 1124 708 diem
1141 663 1266 708 census.

184 732 272 812 quod
284 733 355 794 ideo
367 735 545 814 quaesitum
557 744 615 813 est,
626 735 886 814 quoniamomnia
894 733 1010 814 qttoein
1023 751 1120 793 censu
1131 741 1269 811 aguntur

184 819 286 880 lustro
309 820 546 881 confirmantur.
586 820 642 882 sed
665 821 698 881 in
719 819 799 882 urbe
815 821 913 880 Romo
931 827 1054 880 tantum
1070 835 1199 878 censum
1215 817 1266 896 agi

184 914 295 966 notum
312 915 376 966 est:
397 908 428 966 in
445 907 617 986 prouinciis
632 914 736 967 autem
749 907 848 986 magis
857 903 1108 985 professionibus
1120 911 1263 964 utuntur.
1286 913 1301 956 ⁵

489 1193 680 1258 PAPlNlANl
701 1195 963 1260 FRAGMENTVM

272 1317 434 1396 Papiniani
451 1315 506 1379 lib.
525 1317 536 1376 l
558 1334 780 1396 responsorum
807 1315 829 1396 [l
845 1316 885 1378 de
900 1317 1002 1396 pactis
1018 1316 1100 1378 inter
1113 1315 1220 1376 uirum
1237 1324 1267 1374 et

185 1401 343 1482 uxoreml.
383 1403 467 1464 inter
487 1402 593 1464 uirum
616 1411 647 1464 et
668 1421 800 1464 uxorem
822 1411 912 1482 pacta
934 1421 997 1462 non
1020 1401 1121 1462 solum
1143 1398 1264 1476 uerbis,

186 1486 243 1548 sed
259 1495 290 1548 et
303 1487 466 1550 uoluntate
482 1488 736 1550 contrahentium
752 1489 996 1564 constituuntur,
1015 1496 1052 1548 ut
1065 1495 1181 1548 neuter
1192 1504 1268 1546 con-

185 1575 295 1652 iugum
311 1572 364 1634 fiat
378 1574 572 1654 locupletior.
1289 1599 1316 1642 to

314 1699 373 1754 Hoc
394 1699 539 1770 Papiniani
568 1699 759 1769 fragmentum
789 1695 876 1752 finem
899 1697 965 1752 facit
988 1697 1058 1765 legis
1079 1696 1223 1752 Romanae

229 1783 472 1854 wisigothorum:
498 1783 642 1840 rubricam
665 1786 682 1838 1
702 1785 736 1838 de
754 1785 849 1856 pactis
867 1791 923 1838 etc.
949 1782 1147 1852 aWisigothis
1169 1782 1223 1837 ad-

229 1871 332 1925 iectam
347 1885 412 1925 esse
428 1877 538 1940 putem.

574 2040 577 2044 .
624 2037 829 2045 -—-·—--

194 2187 346 2250 VLPIANI
369 2190 665 2252 lNSTlTVTlONVM
687 2187 921 2252 FRAGMENTA
943 2187 1256 2252 VINDOBONENSlA

313 2316 423 2385 leiani
439 2317 650 2372 Institutionum
666 2317 840 2386 fragmentis,
859 2314 975 2384 quaein
987 2312 1223 2370 Collationeetin

227 2402 373 2456 Iustiniani
389 2403 511 2471 Digestis
526 2400 814 2472 institutionibusque
830 2405 942 2470 extant,
962 2415 1036 2455 anno
1057 2403 1135 2457 4835
1151 2401 1222 2456 laci-

228 2487 291 2542 niae
308 2488 452 2557 quaedam
467 2485 503 2542 ah
515 2487 688 2543 Endlichero
703 2489 731 2542 in
743 2486 919 2544 bibliotheca
930 2501 1063 2541 caesarea
1075 2485 1223 2542 Vindobo-

226 2575 309 2628 nensi
324 2581 458 2643 repertae
474 2579 668 2642 accesserunt,
695 2589 770 2644 quae
787 2573 873 2629 hodie
888 2574 917 2626 in
932 2572 1032 2627 eadem
1049 2570 1223 2628 bibliotheca

227 2657 375 2729 subsigno
390 2659 461 2715 Cod.
476 2659 536 2714 Lat.
557 2663 566 2714 i
588 2660 791 2715 adseruantur.
823 2659 950 2728 primum
961 2658 1037 2712 enim
1049 2659 1077 2712 in
1089 2657 1135 2712 his
1155 2657 1222 2713 iaci·

226 2746 281 2799 niis
296 2745 420 2802 duorum
435 2745 568 2802 foliorum
586 2747 660 2800 inter
674 2761 705 2800 se
722 2745 935 2801 cohaerentium
951 2758 1019 2812 pars
1035 2740 1155 2798 inferior
1170 2759 1223 2797 ex-

227 2836 266 2885 tat
283 2833 311 2885 in
327 2836 386 2886 tres
402 2831 555 2886 schedulas
571 2831 703 2897 dissecta,
723 2847 798 2900 quae
814 2836 930 2899 praeter
945 2829 1087 2897 margines
1102 2833 1222 2884 octonos

228 2932 333 2972 uersus
355 2917 471 2974 ultimos
489 2923 628 2987 quattuor
641 2917 809 2988 paginarum
826 2915 953 2971 exhibet.
993 2913 1065 2968 haec
1082 2913 1140 2968 duo
1156 2913 1222 2969 folia

227 3001 293 3058 olim
308 3018 366 3059 non
382 3006 518 3059 continuo
534 3004 571 3058 ita
588 3003 653 3059 olim
669 3017 700 3057 se
716 3003 881 3071 excepisse,
901 3007 933 3055 nt
947 3000 1079 3054 intimum
1094 2999 1220 3054 fasciculi

226 3103 279 3157 par
294 3087 429 3144 foliorum
445 3088 602 3156 allicerent,
621 3094 724 3157 quarta
739 3089 839 3142 lacinia
855 3085 985 3142 eiusdem
1001 3085 1107 3140 codicis
1123 3089 1221 3142 osten-

227 3173 276 3241 dit,
304 3191 379 3244 quae
403 3175 468 3230 oiim
485 3175 603 3230 alterius
619 3189 655 3228 ex
670 3171 785 3228 duobus
801 3173 855 3228 illis
871 3171 944 3228 foliis
959 3177 1071 3240 partem
1086 3171 1221 3240 superio-

225 3276 287 3315 rem
303 3259 462 3316 efficiebat:
490 3277 546 3330 qua
568 3260 669 3315 lacinia
692 3261 743 3314 etsi
765 3259 872 3314 seruati
887 3273 945 3313 non
960 3263 1027 3312 sunt
1041 3257 1095 3312 nisi
1110 3257 1221 3325 primus

226 3345 285 3402 folii
302 3348 372 3402 recti
388 3348 515 3418 itemque
531 3347 642 3415 primus
658 3345 717 3401 folii
732 3346 826 3400 auersi
844 3359 962 3411 uersuS,
987 3348 1081 3405 tamen
1097 3358 1221 3412 eaquae

225 3433 255 3486 in
277 3434 340 3502 ipso
363 3434 483 3503 paginae
498 3432 642 3487 secundae
658 3432 736 3486 exitu
753 3431 897 3500 leguntur,
924 3430 965 3484 eis
987 3443 1045 3484 nou
1061 3428 1219 3484 continuari

226 3525 355 3586 apparet,
384 3534 458 3588 quae
481 3519 509 3573 in
532 3519 625 3588 primo
649 3519 748 3572 tertiae
771 3517 889 3586 paginae
912 3529 1001 3570 uersu
1029 3509 1121 3589 (nobis
1143 3513 1221 3584 frag-

226 3610 322 3658 mento
339 3595 384 3680 lli)
412 3605 556 3674 leguntur.
597 3605 694 3674 itaque
710 3604 734 3657 si
749 3604 892 3673 integrum
907 3600 1037 3656 codicem
1053 3599 1221 3669 quaternio-

182 3748 630 3765 ’ΝΑΛΛΝᾺΛΝυιΛΝΜΝνυα-ιυναυω]
638 3750 678 3762 ΑΛ]
687 3748 834 3762 firma-lavatum
842 3749 849 3758 a
857 3748 865 3757 a
893 3749 897 3756 r
936 3749 944 3758 ,ι
955 3748 991 3758 »κω
1003 3748 1019 3758 ι,
1035 3748 1039 3754 ι
1047 3745 1201 3757 ,Νυυυυννυυ
1208 3743 1261 3756 ‘vves

252 3842 266 3888 i
286 3851 427 3888 recurrere
446 3838 603 3897 Lachmann,
624 3835 769 3886 decurrere
788 3835 885 3884 codices
931 3833 942 3896 ΙΙ
989 3837 1002 3881 e
1023 3831 1096 3896 quod
1114 3831 1176 3881 ideo
1195 3847 1208 3881 ο
1225 3829 1265 3880 δια

182 3921 256 3956 τουτο
273 3907 300 3968 V,
318 3909 461 3971 propterea
481 3905 520 3956 tic
537 3905 649 3956 roceas
689 3904 699 3965 ΙΙ
740 3904 868 3967 quoniam
886 3903 913 3961 V,
933 3901 1032 3965 quiaS
1073 3900 1083 3963 ΙΙ
1124 3913 1195 3964 quae
1212 3913 1262 3950 om.

183 3976 281 4025 codices
314 3977 325 4038 ΙΙ
361 3977 389 4024 in
403 3987 559 4040 censumeq
573 3986 726 4040 αποτιμησισ
743 3973 770 4034 V,
785 3985 868 4022 censu
881 3987 913 4039 τη
926 3969 1111 4035 αποτιμησει8
1150 3968 1161 4031 ΙΙ
1203 3970 1264 4018 tin

184 4042 281 4093 urbem
293 4057 469 4094 romanorum
486 4045 512 4102 V,
527 4045 554 4092 in
568 4044 678 4092 ciuitate
691 4040 837 4091 romanas
870 4041 881 4103 ΙΙ
910 4039 1006 4108 ageiV
1041 4040 1052 4101 tl
1091 4041 1218 4088 tinctum
1235 4039 1262 4097 V,

183 4112 385 4162 declaratumS
415 4113 425 4174 ΙΙ
455 4112 590 4176 prouintia
609 4105 638 4160 Vl
667 4110 678 4173 11
707 4109 889 4174 professiones
906 4103 938 4157 Vl

254 4185 268 4229 ti
287 4195 320 4232 ex
332 4182 429 4230 codices
441 4181 564 4242 plerique,
579 4193 628 4229 om.
643 4181 689 4230 alit
742 4231 750 4246 ι
