3066 4826
301 339 467 397 cautuae
691 371 779 383 -.
822 337 864 400 92
909 369 993 384 -..

299 529 473 602 tineentur,
499 524 633 588 dubium
648 527 817 587 remansit:
843 535 875 587 et
889 525 962 587 ideo
976 526 1147 588 uoluntatis
1163 533 1211 586 est
1226 525 1384 604 quaestio.

300 624 406 673 tamen
418 613 446 673 si
460 610 718 674 instruendamm
730 611 959 674 cotidianarum
970 612 1137 692 epularum
1149 612 1249 692 gratia
1263 609 1388 671 haben-

238 698 283 758 72
302 708 365 776 tur,
384 697 554 760 debentur.
585 697 737 760 blnliones
752 706 785 759 et
799 699 958 759 institores
972 699 1057 759 inter
1069 697 1192 759 urbana
1207 697 1386 757 ministeria

301 786 520 846 continentur:
548 785 621 845 item
637 792 840 864 opsonatores
854 792 888 846 et
900 784 1044 846 uestiarii
1059 793 1092 844 et
1107 783 1264 844 cellararii
1279 791 1312 844 et
1329 799 1387 844 ou-

300 870 447 931 bioularii
462 878 494 930 et
507 869 621 930 arcarii
638 879 670 930 et
685 870 777 949 coqui
798 870 981 950 placentarii
1002 879 1144 930 tonsores
1164 870 1300 949 pistores
1319 868 1386 929 lec-
1404 881 1420 926 5

242 957 281 1016 73
300 957 414 1017 ticarii.
460 954 627 1016 Peooribus
648 955 761 1036 legatis
782 954 1009 1036 quadrupedes
1035 974 1145 1016 omnes
1167 955 1382 1032 continentur,

242 1043 281 1102 74
301 1059 383 1121 quae
406 1044 558 1123 gregatim
580 1051 764 1122 pascuntur.
810 1043 960 1103 lumentis
975 1041 1086 1122 legatis
1108 1041 1208 1102 boues
1229 1059 1293 1101 non
1309 1058 1388 1102 con-

300 1129 461 1190 tinentur:
487 1128 578 1207 equis
593 1145 671 1189 uero
691 1127 804 1207 legatis
819 1145 918 1207 equas
932 1145 1059 1208 quoque
1081 1127 1200 1207 placuit
1215 1128 1384 1188 contineri.

301 1212 415 1275 ouibus
430 1222 536 1274 autem
551 1215 661 1293 legatis
675 1215 749 1293 agni
761 1232 824 1274 non
836 1215 1048 1292 eontinentur,
1065 1214 1129 1275 nisi
1140 1213 1294 1274 annuales
1306 1214 1383 1274 sint.
1513 1287 1514 1292 ¹

193 1298 239 1358 75
251 1299 290 1359 76
301 1299 403 1380 Grege
418 1300 527 1360 ouium
541 1300 643 1380 legato
657 1301 774 1361 arietes
789 1299 884 1361 etiam
898 1300 1112 1360 continentur.
1157 1297 1282 1360 Ambus
1297 1298 1386 1378 legass
1406 1312 1437 1358 to

300 1387 342 1446 tis
357 1403 488 1447 anseres
501 1385 645 1465 phasiani
661 1385 796 1466 gallinae
807 1395 839 1446 et
853 1385 972 1446 auiaria
983 1383 1204 1447 debebuntur:
1222 1403 1263 1444 an
1278 1393 1386 1444 autem

242 1471 282 1532 77
301 1472 494 1551 phasianarii
506 1481 538 1532 et
551 1479 694 1552 pastores
705 1489 865 1550 anserum,
883 1472 1055 1533 uoluntatis
1066 1480 1115 1532 es't
1129 1470 1282 1550 quaestio.
1307 1470 1388 1531 Dul-

301 1557 393 1619 cibus
414 1558 526 1637 legatis
548 1576 633 1638 sapa,
660 1555 833 1634 defrutum,
859 1559 1004 1635 mulsum,
1029 1556 1123 1618 dulce
1145 1558 1240 1617 etiam
1261 1556 1384 1631 uinum,

300 1644 440 1723 palmae,
459 1644 597 1720 caricae,
623 1662 706 1705 uuae
720 1661 831 1724 passae
846 1642 1061 1705 debebantur.
1108 1642 1214 1704 sedin
1231 1642 1289 1702 boo
1304 1659 1387 1722 quo-

300 1748 364 1808 que
385 1730 559 1790 uoluntatis
574 1738 622 1790 est
643 1730 795 1808 quaestio,
815 1730 890 1808 quia
906 1731 983 1790 etin
998 1731 1104 1809 specie
1119 1747 1284 1809 pomorum
1298 1747 1386 1788 com-
1405 1741 1435 1787 45

238 1815 281 1879 ts
300 1815 457 1895 prehendi
471 1824 615 1894 possunt.
641 1813 796 1895 Frugibus
811 1815 921 1895 legatis
936 1824 1000 1876 tam
1022 1815 1184 1895 legumina
1198 1831 1294 1893 quam
1309 1813 1386 1874 bor-

238 1903 281 1961 79
300 1900 396 1962 deum
411 1910 443 1962 et
457 1901 597 1962 triticum
612 1901 824 1962 eontinentur.
870 1902 964 1962 Veste
979 1901 1080 1982 legata
1097 1919 1133 1961 ea
1149 1899 1283 1978 cedunt,
1302 1917 1385 1978 quae

300 2005 341 2047 ex
356 1986 427 2048 lana
450 1996 483 2047 et
498 1987 562 2047 lino
575 1996 662 2048 texta
684 1995 777 2048 sunt:
803 1989 878 2048 item
902 1987 1002 2048 serica
1023 1996 1057 2049 et
1070 1985 1276 2066 bombycina,
1302 2003 1386 2064 quae

299 2081 405 2134 tamen
421 2071 546 2135 indutui
566 2073 620 2134 uel
635 2072 801 2154 operiendi
817 2071 966 2152 cingendi
986 2071 1149 2134 sternendi
1166 2071 1384 2150 iniciendique

299 2177 393 2219 causa
407 2167 516 2238 parata
537 2167 630 2220 sunt:
654 2159 756 2240 pelles
770 2177 898 2238 quoque
919 2157 1097 2220 indutoriae
1120 2156 1381 2219 continebuntur.
1404 2171 1433 2215 ao

235 2245 279 2303 80
299 2244 393 2304 Veste
416 2244 503 2305 uirili
519 2245 620 2324 legata
643 2265 680 2305 ea
695 2244 911 2306 tantummodo
927 2242 1102 2321 debentur,
1129 2262 1211 2323 quae
1233 2242 1274 2304 ad
1289 2262 1384 2304 usum

299 2329 426 2390 uirilem
454 2331 541 2392 saluo
568 2329 689 2410 pudore
711 2331 874 2392 uirilitatis
903 2331 1050 2392 attinent.
1096 2330 1234 2410 stragula
1255 2347 1383 2410 quoque

237 2416 275 2475 8l
299 2415 373 2475 huic
394 2416 495 2495 legato
524 2415 651 2478 aedunt.
699 2415 844 2478 Muliebri
866 2425 956 2478 ueste
978 2417 1082 2497 legata
1104 2415 1209 2478 omnia
1238 2433 1320 2495 quae
1342 2414 1384 2476 ad

235 2501 393 2562 sanson
416 2499 605 2563 muliebrem
628 2512 771 2582 spectant
792 2501 1009 2584 debebantur.
1060 2505 1143 2563 Lana
1165 2501 1284 2580 legata,
1314 2501 1383 2562 siue
1513 2559 1514 2580 ,

238 2605 240 2610 ·
298 2585 409 2647 sucida
430 2589 499 2648 siue
519 2589 580 2649 lota
602 2589 644 2649 sit
665 2588 734 2650 siue
756 2589 914 2668 pectinata
936 2589 1006 2650 siue
1027 2587 1249 2665 uersicoloria,
1280 2587 1382 2667 legato
1402 2600 1432 2646 25
1513 2585 1514 2610 ³

297 2671 400 2734 cedit:
419 2691 560 2752 purpura
575 2693 652 2735 uero
668 2684 724 2735 aut
739 2684 860 2736 stamen
877 2673 1087 2736 subtemenue
1103 2674 1161 2734 boo
1176 2674 1303 2734 nomine
1319 2691 1381 2734 non

234 2760 278 2819 83
297 2760 512 2820 continentur.
536 2759 651 2820 Mundo
662 2759 811 2821 muliebri
822 2761 924 2841 legato
935 2779 972 2822 ea
983 2760 1111 2836 cedunt,
1125 2778 1183 2840 per
1192 2777 1275 2840 quae
1287 2777 1384 2820 mun·

297 2843 370 2904 dior
385 2845 500 2906 mulier
520 2845 699 2925 lautiorque
715 2844 870 2920 efficitur,
897 2846 988 2908 uelut
1002 2846 1166 2927 speculum
1182 2844 1322 2908 conchae
1338 2845 1383 2906 si-

296 2931 364 3008 tuli,
383 2931 458 2992 item
474 2931 610 3012 pyxides
624 2940 790 3012 unguenta
805 2939 836 2992 et
847 2951 934 3009 uasa,
953 2932 986 2992 in
1002 2931 1121 3012 quibus
1136 2949 1172 2992 ea
1187 2940 1279 2992 sunt:
1304 2930 1381 2992 item

233 3017 277 3078 8l
297 3017 374 3077 sella
389 3015 548 3078 balnearis
571 3027 602 3078 et
620 3026 724 3078 cetera
745 3017 936 3079 huiusmodi.
983 3018 1186 3079 Ornamentis
1208 3017 1322 3097 legatis
1344 3036 1381 3078 ea
1398 3031 1427 3075 ao

297 3101 424 3180 cedunt,
444 3121 501 3181 per
512 3121 593 3182 quae
604 3104 743 3164 ornatior
754 3104 869 3164 mulier
880 3103 1027 3180 efficitur,
1040 3104 1141 3165 ueluti
1152 3103 1239 3164 anuli
1252 3111 1380 3164 catenae

297 3189 420 3250 reticuli
432 3198 463 3249 et
474 3199 590 3267 cetera,
610 3188 727 3268 quibus
738 3189 815 3249 eollo
826 3189 879 3250 uel
890 3191 993 3269 capite
1003 3189 1058 3250 uel
1070 3188 1217 3250 manibus
1229 3189 1381 3250 mulieres

234 3276 277 3336 85
296 3279 459 3336 ornantur.
505 3273 642 3354 Argento
664 3275 764 3354 legato
781 3293 901 3337 massae
916 3273 1131 3337 tantummodo
1153 3273 1376 3336 debebuntur:

296 3378 371 3421 uasa
386 3359 488 3436 enim,
514 3379 596 3440 quae
612 3362 738 3440 proprio
753 3361 879 3422 nomine
901 3369 1104 3442 separantur,
1129 3361 1231 3440 legato
1247 3379 1311 3421 non
1327 3379 1380 3422 ce-

230 3447 276 3506 86
295 3444 394 3523 dunt,
419 3446 494 3524 quia
515 3465 575 3507 noc
589 3447 660 3507 lana
675 3447 777 3528 legata
791 3447 980 3508 uestimenta
1003 3446 1174 3509 debentur.
1220 3447 1310 3508 Vasis
1325 3465 1379 3508 ar·
1396 3460 1425 3504 ³5

1328 3617 1379 3632 w

362 3741 377 3786 Β
396 3735 530 3786 habentur
542 3735 676 3786 debentur
688 3737 760 3796 dett,
780 3736 823 3787 bis
836 3737 970 3786 debentur
982 3739 1019 3797 Μ,
1039 3735 1206 3788 mutaturi
1247 3739 1259 3800 1
1301 3743 1315 3788 3
1335 3741 1378 3788 in·

291 3806 432 3856 stitutores
446 3807 545 3856 codices
573 3805 584 3868 1
614 3805 751 3855 loellerii
765 3805 815 3864 Μ’,
835 3805 1011 3856 cellariariit
1041 3805 1053 3868 1
1082 3807 1277 3870 tplaeontarii
1292 3809 1341 3857 tlt
1367 3805 1378 3873 11

292 3873 425 3936 tonsores]
440 3878 459 3924 t.
473 3877 500 3923 et
513 3875 561 3923 Mt
601 3875 613 3937 11
653 3874 794 3937 lecticarii]
813 3875 874 3925 lect.
889 3874 1030 3925 stabularii
1043 3875 1185 3926 Stetordos
1224 3875 1235 3938 1
1278 3880 1309 3925 ta
1328 3876 1377 3926 de·

290 3941 363 3992 iruto
382 3941 494 3999 (deireto
508 3943 564 4004 ut)
585 3943 862 3994 mulsoduloeetiam
874 3945 1051 3994 ulnoccdtcet
1090 3944 1102 4006 1
1143 3948 1174 3993 lt
1193 3947 1285 4010 specie
1303 3947 1374 4002 dett..

290 4023 340 4074 spe
352 4011 381 4073 t,
396 4012 514 4075 spemll
541 4011 553 4073 11
582 4014 614 4059 te
630 4011 737 4062 indutui
750 4012 786 4070 dl,
801 4011 912 4062 induli.
941 4013 952 4074 1
981 4015 1014 4060 at
1033 4011 1296 4072 subtemenuedett.‚
1311 4014 1377 4064 sub-

290 4081 376 4128 times
387 4080 433 4128 uel
446 4081 483 4138 tr,
503 4078 650 4129 sublimine
661 4081 738 4130 uelt
780 4081 790 4142 11
831 4085 864 4130 tt
883 4081 1039 4146 pyxidesL,
1059 4081 1233 4132 bubridesll
1271 4083 1283 4146 11
1324 4095 1376 4133 un-

289 4151 421 4211 guentum
433 4150 530 4197 codices
