3066 4826
281 419 537 479 mutuor-eoo
660 449 747 464 ...-
792 415 852 479 134
896 449 982 462 ..-

281 607 445 685 conuiuis,
464 608 490 668 si
508 606 701 668 honestiores
716 615 801 685 sunt,
820 607 913 668 tertie
927 623 1001 686 pers
1016 603 1169 666 bonorum
1185 605 1319 685 eripitur
1334 611 1371 665 et

281 695 314 753 in
336 693 472 754 insulem
493 692 688 773 relegentur:
714 692 899 753 humiliores
920 692 952 752 in
976 691 1137 752 metallum
1160 689 1363 752 damnantur.

243 782 260 840 i
281 777 424 840 Creditur
446 778 720 858 chirographerius
739 779 766 840 si
781 778 851 840 sine
867 778 956 839 iussu
978 776 1135 856 praesidis
1150 795 1207 856 per
1221 777 1289 837 uim
1305 775 1365 837 de-

280 862 392 926 bitoris
408 865 456 924 sui
472 865 613 946 pignore,
632 883 704 926 oum
718 883 782 926 nou
798 862 930 925 heberet
945 863 1098 943 obligata,
1117 863 1249 943 ceperit,
1267 863 1300 922 in
1316 863 1365 923 le-

280 967 349 1029 gem
372 950 482 1012 lulium
504 947 544 1011 de
566 951 601 1012 ui
623 952 748 1032 priuata
768 951 946 1011 committit.
993 948 1142 1012 fiduciam
1163 967 1240 1010 uero
1260 958 1293 1010 et
1314 949 1366 1028 pi·
1385 964 1407 1008 e

280 1053 375 1118 gnore
397 1034 482 1115 apud
502 1055 536 1098 se
563 1034 706 1115 deposita
726 1035 875 1116 persequi
899 1043 932 1098 et
953 1037 1021 1097 sine
1043 1035 1228 1097 auctoritate
1249 1032 1366 1095 iudicis

280 1121 443 1184 uindicare
458 1138 521 1184 non
535 1120 732 1201 prohibetur.

519 1309 608 1394 [xxvii
651 1329 690 1372 ru
712 1327 807 1378 trouu
829 1327 930 1372 mun
953 1307 1125 1390 rnernrrvs]

366 1431 398 1491 Si
415 1411 487 1511 quis
502 1429 640 1492 fiscalem
654 1430 821 1510 pecuniam
843 1429 1058 1492 uttreotauerit
1073 1428 1269 1509 subripuerit
1294 1447 1366 1490 mu-

281 1517 396 1579 tauerit
411 1533 466 1579 seu
482 1517 514 1578 in
531 1535 603 1578 suos
617 1535 695 1578 usus
711 1516 919 1594 conuenerit,
944 1517 977 1576 in
993 1514 1205 1596 quadruplum
1221 1516 1291 1578 eius
1306 1533 1365 1593 pe·
1386 1530 1426 1574 ro

280 1603 391 1664 cuniae
409 1620 503 1683 quem
519 1602 648 1665 sustulit
663 1600 900 1663 condemnatur.

478 1789 578 1872 [irrui
621 1808 660 1850 ru
682 1807 777 1851 nnonu
799 1809 900 1851 rruuu
923 1789 1162 1872 accerrimum]

366 1909 489 1974 Iudices
504 1909 640 1992 pedanei
656 1909 682 1970 si
697 1912 834 1992 pecunie
846 1912 983 1991 corrupti
999 1908 1156 1988 dicantur,
1174 1910 1366 1990 plerumque

280 1995 458 2076 epreeside
481 2005 536 2058 eut
559 1997 645 2058 ouria
660 1993 890 2060 submouentur
910 2006 965 2058 eut
986 1997 1019 2058 in
1041 1997 1171 2058 exilium
1193 1998 1367 2058 mittuntur

281 2094 334 2145 eut
349 2083 390 2145 ad
405 2092 530 2164 tempus
545 2083 736 2162 relegantur.
1386 2097 1426 2141 rs

522 2268 598 2350 [mx
639 2287 678 2332 on
701 2287 795 2332 neuun
815 2288 916 2333 rrnurr
939 2269 1117 2351 nummus]

231 2393 256 2457 i
366 2391 447 2468 Lege
470 2389 549 2451 Iulia
569 2391 743 2452 maiestatis
766 2400 895 2452 tenetur
909 2390 955 2470 is,
979 2392 1070 2452 ouius
1085 2411 1142 2472 ope
1159 2391 1290 2453 oonsilio
1306 2389 1365 2452 ad-

282 2494 395 2538 uersus
416 2477 635 2554 imperatorem
651 2477 704 2538 uel
719 2487 786 2538 rem
806 2476 965 2558 publicam
982 2495 1067 2538 erma
1081 2487 1164 2538 moto
1180 2485 1255 2540 sunt
1270 2495 1366 2538 exer-

280 2563 402 2623 citusue
419 2561 487 2622 eius
509 2562 541 2622 in
557 2559 689 2623 insidias
712 2562 868 2625 deductus
884 2573 947 2640 est,
974 2563 1070 2644 quiue
1087 2563 1210 2626 iniussu
1226 2563 1365 2643 impera·

245 2673 251 2696 ·
281 2648 355 2709 toris
377 2646 498 2708 bellum
520 2648 653 2728 gesserit
673 2647 868 2711 dilectumue
891 2648 1052 2728 hebuerit,
1079 2651 1253 2710 exercitum
1277 2667 1364 2709 eom·
1384 2663 1422 2708 uo

277 2735 440 2814 parauerit
462 2733 696 2810 sollicitauerit,
725 2733 901 2796 deseruerit
923 2736 1154 2816 imperatorem.
1201 2735 1249 2796 his
1270 2744 1365 2796 antea

278 2822 310 2881 in
327 2829 517 2900 perpetuum
533 2837 616 2900 aqua
637 2827 668 2881 et
684 2821 751 2901 igni
773 2819 1037 2884 interdicebatur:
1062 2841 1149 2884 nuno
1164 2839 1241 2883 uero
1256 2821 1365 2883 humi-

279 2907 371 2967 liores
383 2903 494 2967 bestiis
509 2904 690 2968 obiciuntur
703 2907 758 2968 uel
769 2907 835 2968 uiui
848 2918 1034 2986 exuruntur,
1053 2907 1248 2969 honestiores
1260 2909 1365 2986 cupite

278 2994 464 3070 puniuntur.
514 2990 599 3072 quod
621 2993 740 3055 crimen
764 3011 827 3054 non
857 2993 958 3054 solum
983 2991 1083 3073 forto,
1114 2993 1171 3055 sed
1194 3003 1225 3054 et
1253 2992 1364 3054 uerbis

242 3077 260 3136 2
278 3078 385 3158 impiis
406 3097 443 3139 ec
465 3077 641 3140 maledictis
663 3080 798 3141 maxime
821 3077 1037 3142 exacerbetur.
1091 3079 1125 3140 in
1146 3097 1234 3141 reum
1263 3080 1364 3140 meie—
1384 3091 1420 3138 2⁵

279 3165 368 3225 statis
392 3163 509 3243 inquiri
531 3165 620 3244 prius
642 3165 807 3244 conuenit,
834 3163 952 3245 quibus
968 3164 1097 3245 opibus,
1124 3184 1186 3247 quo
1212 3163 1358 3242 factione,

280 3248 396 3328 quibus
411 3251 468 3310 boc
484 3248 665 3311 auctoribus
679 3247 808 3328 iecerit:
832 3251 912 3312 tanti
934 3252 1019 3312 enim
1041 3251 1181 3312 oriminis
1203 3266 1277 3312 reus
1298 3269 1362 3311 non

279 3333 411 3396 obtentu
440 3333 630 3397 adulationis
657 3335 808 3416 alienius,
834 3335 892 3399 sed
914 3337 1015 3418 ipsius
1029 3337 1164 3399 ,admissi
1189 3355 1282 3398 ceusu
1302 3353 1364 3416 pu—

279 3419 427 3520 niendus⁸
438 3429 500 3499 est,
526 3431 556 3482 et
572 3420 659 3500 ideo,
686 3441 758 3484 oum
774 3421 814 3485 de
831 3441 866 3484 eo
883 3423 1064 3504 quaeritur,
1089 3424 1174 3485 nullo
1190 3417 1363 3504 d'ignitesa

280 3516 445 3568 tormentis
461 3507 626 3586 excipitur.
888 3513 891 3520 ⁴
1382 3522 1418 3568 eo

542 3695 622 3776 [xxxo
667 3714 705 3758 m
728 3715 822 3760 trouu
844 3713 943 3760 runnu
965 3697 1097 3780 Annuus]

364 3815 522 3878 Petiturus
536 3816 745 3896 magistratus
754 3817 807 3878 uel
828 3817 1011 3899 prouinciae
1026 3816 1234 3879 secerdotium
1250 3819 1278 3879 si
1293 3827 1364 3880 tur-

279 3899 352 3978 bem
374 3901 591 3982 suffragiorum
614 3921 707 3964 cause
723 3901 926 3982 conduxerit,
953 3923 1062 3966 seruos
1084 3902 1287 3964 aduocauerit
1302 3904 1362 3966 oli-

950 4091 1090 4104 ·tvmmmrww
1096 4093 1139 4104 *vm
1149 4094 1157 4104 x
1167 4095 1177 4104 «a
1189 4095 1193 4104 a
1206 4095 1209 4101 r
1229 4093 1251 4103 Ἀ
1260 4091 1362 4106 vvvvvxt‘

347 4228 361 4273 e
380 4225 616 4289 perdott.,eut}1
643 4223 655 4289 ΙΙ
684 4230 698 4276 0
719 4227 884 4292 subripuerit
895 4237 945 4278 om.
961 4229 990 4279 Μ
