3066 4826
277 375 476 436 Paul.lV,81
656 407 742 420 ...-
787 374 848 436 100
890 407 978 420 .-

276 561 412 625 *tatione
427 559 633 644 prudentium
646 562 784 640 primum
799 562 886 624 inter
896 569 1026 642 agnatos
1036 561 1138 622 locum
1153 570 1359 640 acceperunt.

180 683 192 698 ·
240 649 351 712 i*Sui
366 646 501 710 heredes
522 655 597 709 sunt
610 647 659 709 hi:
684 649 787 728 primo
807 648 874 708 loco
895 647 978 709 filius
993 647 1057 710 filia
1079 649 1112 708 in
1126 655 1278 728 potestate
1299 667 1359 727 pa-

275 733 353 796 *tris
375 733 550 796 constituti:
578 751 638 794 nec
658 734 808 812 interest,
833 732 976 814 adoptiui
998 735 1062 794 sint
1084 752 1124 796 en
1143 733 1304 795 naturales
1326 742 1358 794 et

274 818 469 902 foecundum
489 819 591 900 legem
607 818 717 881 Iuliam
732 820 900 899 Papiamue
922 819 1073 900 quaesiti:
1098 818 1190 881 modo
1207 828 1357 880 maneant

239 907 257 968 5
275 905 328 966 ⁴'‘in
344 914 507 988 potestate.
544 905 606 978 Qui
621 905 671 966 sui
687 905 821 967 heredes
837 915 923 984 sunt,
941 907 1008 986 ipso
1024 905 1094 966 iure
1109 903 1245 966 heredes
1259 905 1355 965 etiam
1376 917 1395 964 ὅ

274 993 474 1072 *ignorantes
489 990 740 1070 constituuntur,
764 999 801 1052 nt
815 991 925 1052 furiosi
940 1000 995 1053 aut
1010 991 1147 1052 infantes
1162 1000 1193 1052 et
1207 991 1356 1071 peregri-

273 1075 422 1141 ⁴''nantesz
455 1075 572 1158 quibus
599 1074 755 1138 honorum
781 1077 987 1157 possessionis
1008 1085 1139 1158 propter
1164 1077 1354 1157 praetoriam

238 1163 447 1227 6⁴*actionem
469 1181 533 1224 non
556 1171 623 1224 erat
650 1162 841 1224 necessaria.
894 1163 929 1222 ln
952 1163 1017 1224 suis
1039 1161 1213 1224 heredibus
1235 1160 1315 1224 adeo
1337 1181 1354 1222 a

273 1248 392 1312 *morte
406 1248 565 1311 testatoris
586 1266 693 1310 rerum
708 1246 971 1311 hereditariarum
994 1247 1168 1310 dominium
1188 1248 1355 1309 continua-

273 1335 359 1416 *tur,
377 1344 413 1397 ut
426 1353 486 1397 nec
501 1333 614 1396 tutoris
630 1335 797 1398 auctoritas
811 1334 941 1415 pupillis
955 1353 1015 1396 neo
1030 1333 1157 1396 furiosis
1172 1342 1298 1396 curator
1313 1334 1355 1394 sit
1375 1345 1411 1392 444

273 1421 499 1500 *necessarius
517 1419 580 1482 nisi
596 1419 675 1482 iorte
690 1419 840 1482 soluendo
852 1422 893 1482 sit
904 1420 1080 1483 hereditas:
1100 1421 1247 1500 quamuis
1258 1419 1354 1481 etiam

273 1505 439 1586 *furiosus
466 1507 492 1568 si
507 1505 689 1587 resipuerit,
714 1514 746 1567 et
760 1505 913 1586 pupillus,
938 1507 968 1568 si
981 1505 1166 1586 adoleuerit,
1191 1505 1354 1568 abstinere

236 1592 255 1656 7
272 1593 423 1675 *possint
464 1593 535 1654 Post
549 1600 683 1653 mortem
698 1593 799 1672 patris
813 1601 907 1654 natus
921 1592 974 1654 uel
989 1591 1029 1654 ab
1043 1591 1187 1654 hostibus
1202 1609 1355 1652 reuersus

272 1679 345 1742 ⁴“aut
361 1699 401 1742 ex
420 1678 522 1760 primo
537 1677 717 1740 secundoue
732 1678 889 1758 mancipio
909 1679 1134 1753 manumissuS‚
1153 1678 1284 1739 cuiusue
1300 1695 1354 1738 er-

271 1763 371 1827 *roris
386 1783 478 1827 causa
490 1763 633 1845 probata,
652 1762 726 1824 licet
737 1781 800 1825 non
817 1761 936 1825 luerint
950 1765 984 1824 in
998 1771 1163 1844 potestate,
1181 1764 1231 1825 sui
1245 1771 1353 1824 tamen
1374 1775 1410 1822 444

235 1849 254 1912 8
271 1849 371 1932 *patri
390 1849 526 1912 heredes
548 1849 739 1911 efficiuntur.
787 1850 857 1910 Post
872 1849 952 1910 filios
974 1849 1054 1912 filias
1069 1848 1109 1910 ad
1130 1849 1353 1911 intestatorum

270 1935 522 1999 *successionem
537 1937 624 1997 inter
638 1953 710 1997 snos
724 1936 861 1996 ueniunt
875 1944 1007 2016 nepotes
1029 1945 1143 2016 neptes
1163 1943 1354 2016 pronepotes

269 2021 459 2104 *proneptes
475 2041 511 2084 ac
525 2019 644 2084 deinde
665 2021 838 2083 masculino
853 2040 932 2084 sexu
946 2029 1017 2102 post
1032 2022 1131 2084 filium
1152 2019 1354 2084 descenden-

269 2105 353 2188 *tes,
379 2109 405 2170 si
420 2107 527 2170 nullus
541 2115 710 2188 parentum
733 2105 957 2187 impedimento
978 2108 1057 2188 ipsis
1079 2109 1112 2168 in
1127 2107 1180 2168 aui
1195 2114 1352 2187 potestate

269 2191 341 2255 *uel
362 2191 606 2274 proauitiamilia
620 2194 825 2254 remanserit:
850 2202 1000 2273 parentes
1022 2193 1107 2255 enirn
1128 2192 1238 2254 liberis
1270 2194 1348 2271 suis,
1370 2204 1406 2250 oo

270 2277 359 2342 *cum
383 2277 501 2359 quibus
522 2279 555 2340 in
577 2287 732 2359 potestate
753 2277 883 2340 fuerunt
904 2280 982 2359 ipsi,
1011 2278 1122 2342 ordine
1144 2279 1352 2341 successionis

233 2365 251 2426 9
269 2361 457 2426 *obsistunt
503 2363 576 2426 Filii
588 2365 617 2426 si
636 2383 707 2426 oum
730 2363 899 2444 nepotibus
915 2384 955 2426 ex
977 2365 1037 2426 alio
1060 2365 1124 2426 lilio
1138 2365 1295 2444 susceptis
1317 2365 1350 2425 in

269 2445 406 2513 *lamilia
421 2451 610 2528 retinentur,
628 2448 668 2512 ad
684 2450 824 2512 intestati
835 2451 936 2530 patris
951 2452 1182 2514 successionem
1198 2468 1270 2512 cum
1286 2447 1352 2512 ira-

269 2533 345 2598 *tris
360 2535 434 2598 filiis
448 2544 613 2597 uocantur.
642 2533 760 2616 quibus
776 2536 809 2596 in
823 2537 923 2616 patris
938 2538 989 2598 sui
1005 2546 1128 2617 partem
1143 2535 1351 2599 uenientibus

268 2619 447 2686 *hereditas
469 2622 502 2684 in
524 2622 658 2702 stirpes,
683 2639 746 2682 non
769 2622 803 2682 in
826 2623 930 2702 capita
945 2621 1118 2702 diuiditur,
1143 2622 1188 2686 ite
1208 2631 1244 2684 ut
1264 2640 1351 2684 unus
1369 2634 1407 2682 as

268 2707 371 2772 *iilius
387 2715 418 2770 et
431 2707 540 2787 plures
554 2717 685 2788 nepotes
701 2707 840 2786 singulos
855 2709 1003 2770 semisses
1017 2709 1167 2772 habeant.
1199 2707 1350 2788 idemque

268 2793 413 2870 *euenit‚
438 2795 464 2856 si
481 2813 540 2856 auo
556 2812 596 2854 ex
618 2791 741 2855 duobus
756 2793 829 2854 liliis
844 2794 959 2874 impari
981 2812 1113 2856 numero
1128 2802 1261 2875 nepotes
1277 2813 1348 2856 suc·

212 2877 249 2939 lo
268 2877 452 2944 *cesserint
499 2879 547 2940 Ex
569 2879 634 2941 iilia
655 2887 787 2959 nepotes
808 2879 858 2941 sui
880 2879 1016 2942 heredes
1037 2899 1100 2942 non
1123 2889 1215 2942 sunt:
1240 2880 1274 2940 in
1296 2880 1350 2941 aui

267 2965 372 3030 *eninr
387 2966 521 3028 materni
536 2973 689 3046 potestate
711 2963 845 3026 alienam
861 2962 1011 3028 familiam
1028 2976 1200 3046 sequentes
1214 2967 1284 3046 ipsa
1297 2984 1351 3028 ra-

211 3049 244 3111 lt
268 3051 372 3114 *tione
389 3069 458 3114 esse
473 3069 537 3113 non
552 3059 696 3132 possunt.
735 3050 779 3111 Eo
794 3059 936 3130 tempore
952 3070 1029 3114 suus
1045 3052 1137 3114 heres
1153 3053 1350 3113 constituen-
1369 3063 1408 3109 ao

267 3137 346 3201 *dus
359 3147 418 3218 est,
435 3156 498 3217 quo
513 3147 634 3199 certum
646 3145 694 3198 est
706 3135 845 3216 aliquem
857 3138 1039 3200 intestatum
1052 3136 1243 3200 decessisse:
1263 3136 1350 3218 quod

267 3321 1350 3339 ᾺΛΆἸΜΜΜΜΛΜΛΜΜΝῚΜἫΜΛΛΜΝΜΜΜΜΛΜΜΜΜ

337 3429 362 3490 o,
376 3427 460 3475 o-ao
475 3444 507 3468 =
522 3423 630 3476 calmo
642 3427 684 3486 rc,
698 3427 723 3487 a,
738 3427 821 3476 e-ao

999 3579 1350 3594 mmmm

336 3695 406 3761 ahi]
422 3695 474 3748 hoc
486 3695 583 3747 codices
612 3697 623 3760 u
653 3697 818 3764 tadoptiui]
836 3699 859 3749 si
871 3698 916 3750 ad.
930 3700 1028 3750 codices
1056 3699 1067 3762 ΙΙ
1096 3713 1131 3750 an
1144 3703 1199 3751 nat.
1214 3703 1242 3750 et
1256 3699 1348 3762 Colis,

267 3770 321 3816 tam
334 3769 388 3816 nat.
402 3779 450 3816 eos
465 3765 550 3818 cota
566 3765 646 3817 colar
675 3765 686 3830 ΙΙ
716 3769 912 3832 tpapiamque
925 3767 1058 3831 Schrdtiep
1086 3767 1097 3830 ΙΙ
1133 3771 1350 3834 ipossessionis

270 3833 349 3886 coir
376 3835 464 3896 Confi,
494 3837 681 3900 possessiones
706 3835 805 3888 ceum:
836 3837 1017 3900 possessionis
1039 3838 1132 3900 petitio
1160 3840 1305 3900 requiritur
1339 3835 1352 3904 il

268 3907 281 3953 8
302 3905 354 3953 erit
366 3903 485 3954 Pithoeus
525 3901 536 3966 l
578 3907 606 3953 44
625 3909 685 3966 post
702 3903 770 3955 lorte
787 3906 947 3956 intercidisse
963 3906 1086 3955 uidemur
1103 3907 1180 3956 talia:
1199 3908 1228 3956 in
1246 3907 1299 3958 hoc
1317 3912 1349 3958 ut

266 3969 428 4036 abstineant,
447 3973 471 4022 si
489 3983 543 4022 non
584 3971 595 4035 ΙΙ
634 3972 767 4024 soluenda
785 3973 903 4024 codices·
923 3973 934 4036 ΙΙ
977 3977 1006 4022 tt
1025 3973 1149 4038 probata]
1172 3975 1287 4039 probata
1305 3978 1350 4026 est

266 4053 318 4090 scr.
361 4039 372 4104 ΙΙ
414 4045 444 4090 to
463 4041 515 4105 ipsi
527 4041 625 4090 codices
665 4041 676 4102 11
718 4045 750 4090 22
768 4041 915 4092 liliuscum
932 4041 1030 4092 codices
1070 4044 1082 4106 ΙΙ
1122 4047 1154 4092 2³
1173 4044 1209 4094 ad
1226 4045 1348 4094 intestati

268 4109 354 4159 Coti.w
371 4109 459 4170 Colis,
474 4107 508 4158 ah
521 4111 647 4160 intestato
663 4109 742 4160 cour
771 4110 782 4174 ΙΙ
810 4113 971 4160 reuocetur
986 4110 1072 4161 Coit.W
1087 4111 1166 4162 eolis
1189 4114 1200 4176 l
1229 4113 1347 4177 portem]

265 4179 405 4243 parentem
420 4177 509 4236 cour,
521 4181 647 4240 parentes
662 4177 748 4228 Coti.w
763 4179 842 4229 Coti.v
870 4179 882 4242 li
911 4183 944 4230 tt
962 4178 998 4243 cl]
1012 4182 1155 4231 excodices
