<?xml version="1.0" encoding="UTF-8"?>
<!DOCTYPE html PUBLIC "-//W3C//DTD XHTML 1.0 Transitional//EN"
    "http://www.w3.org/TR/xhtml1/DTD/xhtml1-transitional.dtd">
<html xmlns="http://www.w3.org/1999/xhtml" xml:lang="en" lang="en">
 <head>
  <title>
</title>
<meta http-equiv="Content-Type" content="text/html;charset=utf-8" />
  <meta name='ocr-system' content='tesseract 3.04.00' />
  <meta name='ocr-capabilities' content='ocr_page ocr_carea ocr_par ocr_line ocrx_word'/>
</head>
<body>
  <div class='ocr_page' id='page_1' title='image "./ulpianilibersin00kruegoog_0129.png"; bbox 0 0 3066 4826; ppageno 0'>
   <div class='ocr_carea' id='block_1_1' title="bbox 289 259 988 325">
    <p class='ocr_par' dir='ltr' id='par_1_1' title="bbox 289 259 988 325">
     <span class='ocr_line' id='line_1_1' title="bbox 289 259 988 325; baseline 0.019 -11"><span class='ocrx_word' id='word_1_1' title='bbox 289 259 362 314; x_wconf 82' lang='lat' dir='ltr'><strong>Paul.</strong></span> <span class='ocrx_word' id='word_1_2' title='bbox 378 259 409 322; x_wconf 83' lang='lat' dir='ltr'><strong>V,</strong></span> <span class='ocrx_word' id='word_1_3' title='bbox 425 262 439 310; x_wconf 77' lang='lat' dir='ltr'><strong>t</strong></span> <span class='ocrx_word' id='word_1_4' title='bbox 666 295 752 307; x_wconf 89' lang='grc'><strong>---</strong></span> <span class='ocrx_word' id='word_1_5' title='bbox 798 262 858 325; x_wconf 84' lang='grc'><strong>116</strong></span> <span class='ocrx_word' id='word_1_6' title='bbox 902 295 988 308; x_wconf 78' lang='grc'><strong>--</strong></span> 
     </span>
    </p>
   </div>
   <div class='ocr_carea' id='block_1_2' title="bbox 165 447 1439 3194">
    <p class='ocr_par' dir='ltr' id='par_1_2' title="bbox 165 447 1439 3194">
     <span class='ocr_line' id='line_1_2' title="bbox 275 447 1367 532; baseline 0.002 -24"><span class='ocrx_word' id='word_1_7' title='bbox 275 449 431 532; x_wconf 78' lang='lat' dir='ltr'><strong>idemque</strong></span> <span class='ocrx_word' id='word_1_8' title='bbox 454 451 486 512; x_wconf 92' lang='lat' dir='ltr'><strong>in</strong></span> <span class='ocrx_word' id='word_1_9' title='bbox 502 469 538 512; x_wconf 90' lang='lat' dir='ltr'><strong>eo</strong></span> <span class='ocrx_word' id='word_1_10' title='bbox 554 448 722 513; x_wconf 90' lang='lat' dir='ltr'><strong>dicendum</strong></span> <span class='ocrx_word' id='word_1_11' title='bbox 738 459 801 530; x_wconf 89' lang='lat' dir='ltr'><strong>est,</strong></span> <span class='ocrx_word' id='word_1_12' title='bbox 826 450 881 530; x_wconf 90' lang='lat' dir='ltr'><strong>qui</strong></span> <span class='ocrx_word' id='word_1_13' title='bbox 897 467 1025 511; x_wconf 87' lang='lat' dir='ltr'><strong>carruca</strong></span> <span class='ocrx_word' id='word_1_14' title='bbox 1041 458 1095 512; x_wconf 90' lang='lat' dir='ltr'><strong>aut</strong></span> <span class='ocrx_word' id='word_1_15' title='bbox 1110 468 1190 530; x_wconf 91' lang='lat' dir='ltr'><strong>equo</strong></span> <span class='ocrx_word' id='word_1_16' title='bbox 1207 447 1367 514; x_wconf 80' lang='lat' dir='ltr'><strong>deicitur:</strong></span> 
     </span>
     <span class='ocr_line' id='line_1_3' title="bbox 251 533 1370 618; baseline 0.002 -22"><span class='ocrx_word' id='word_1_17' title='bbox 251 537 268 596; x_wconf 87' lang='grc'><strong>6</strong></span> <span class='ocrx_word' id='word_1_18' title='bbox 288 533 405 618; x_wconf 90' lang='lat' dir='ltr'><strong>quibus</strong></span> <span class='ocrx_word' id='word_1_19' title='bbox 420 555 482 599; x_wconf 87' lang='lat' dir='ltr'><strong>non</strong></span> <span class='ocrx_word' id='word_1_20' title='bbox 498 534 643 598; x_wconf 89' lang='lat' dir='ltr'><strong>abductis</strong></span> <span class='ocrx_word' id='word_1_21' title='bbox 658 536 844 599; x_wconf 91' lang='lat' dir='ltr'><strong>iniuriarum</strong></span> <span class='ocrx_word' id='word_1_22' title='bbox 860 537 939 598; x_wconf 91' lang='lat' dir='ltr'><strong>actio</strong></span> <span class='ocrx_word' id='word_1_23' title='bbox 955 535 1058 597; x_wconf 89' lang='lat' dir='ltr'><strong>datur.</strong></span> <span class='ocrx_word' id='word_1_24' title='bbox 1104 537 1140 598; x_wconf 88' lang='lat' dir='ltr'><strong>Vi</strong></span> <span class='ocrx_word' id='word_1_25' title='bbox 1156 535 1300 597; x_wconf 90' lang='lat' dir='ltr'><strong>deiectus</strong></span> <span class='ocrx_word' id='word_1_26' title='bbox 1315 538 1370 598; x_wconf 90' lang='lat' dir='ltr'><strong>ui-</strong></span> 
     </span>
     <span class='ocr_line' id='line_1_4' title="bbox 287 619 1364 704; baseline -0.002 -20"><span class='ocrx_word' id='word_1_27' title='bbox 287 619 380 684; x_wconf 89' lang='lat' dir='ltr'><strong>detur</strong></span> <span class='ocrx_word' id='word_1_28' title='bbox 395 631 426 684; x_wconf 91' lang='lat' dir='ltr'><strong>et</strong></span> <span class='ocrx_word' id='word_1_29' title='bbox 441 623 496 702; x_wconf 92' lang='lat' dir='ltr'><strong>qui</strong></span> <span class='ocrx_word' id='word_1_30' title='bbox 512 621 544 682; x_wconf 94' lang='lat' dir='ltr'><strong>in</strong></span> <span class='ocrx_word' id='word_1_31' title='bbox 561 620 690 704; x_wconf 89' lang='lat' dir='ltr'><strong>praedio</strong></span> <span class='ocrx_word' id='word_1_32' title='bbox 705 623 739 684; x_wconf 91' lang='lat' dir='ltr'><strong>ui</strong></span> <span class='ocrx_word' id='word_1_33' title='bbox 753 623 909 684; x_wconf 80' lang='lat' dir='ltr'><strong>retinetur</strong></span> <span class='ocrx_word' id='word_1_34' title='bbox 924 631 955 683; x_wconf 91' lang='lat' dir='ltr'><strong>et</strong></span> <span class='ocrx_word' id='word_1_35' title='bbox 971 621 1026 702; x_wconf 91' lang='lat' dir='ltr'><strong>qni</strong></span> <span class='ocrx_word' id='word_1_36' title='bbox 1041 621 1074 682; x_wconf 92' lang='lat' dir='ltr'><strong>in</strong></span> <span class='ocrx_word' id='word_1_37' title='bbox 1090 621 1143 684; x_wconf 89' lang='lat' dir='ltr'><strong>uia</strong></span> <span class='ocrx_word' id='word_1_38' title='bbox 1158 622 1287 683; x_wconf 87' lang='lat' dir='ltr'><strong>territus</strong></span> <span class='ocrx_word' id='word_1_39' title='bbox 1303 631 1364 700; x_wconf 90' lang='lat' dir='ltr'><strong>est,</strong></span> 
     </span>
     <span class='ocr_line' id='line_1_5' title="bbox 165 704 1367 788; baseline 0 -20"><span class='ocrx_word' id='word_1_40' title='bbox 165 711 167 718; x_wconf 89' lang='lat'>&#39;</span> <span class='ocrx_word' id='word_1_41' title='bbox 250 704 268 768; x_wconf 87' lang='lat'>7</span> <span class='ocrx_word' id='word_1_42' title='bbox 286 725 326 770; x_wconf 88' lang='lat' dir='ltr'><strong>ne</strong></span> <span class='ocrx_word' id='word_1_43' title='bbox 343 706 383 770; x_wconf 87' lang='lat' dir='ltr'><strong>ad</strong></span> <span class='ocrx_word' id='word_1_44' title='bbox 398 706 532 771; x_wconf 89' lang='lat' dir='ltr'><strong>fundum</strong></span> <span class='ocrx_word' id='word_1_45' title='bbox 548 727 640 770; x_wconf 91' lang='lat' dir='ltr'><strong>suum</strong></span> <span class='ocrx_word' id='word_1_46' title='bbox 655 706 830 770; x_wconf 80' lang='lat' dir='ltr'><strong>accederet.</strong></span> <span class='ocrx_word' id='word_1_47' title='bbox 864 709 925 782; x_wconf 88' lang='lat' dir='ltr'><strong>Qui</strong></span> <span class='ocrx_word' id='word_1_48' title='bbox 940 707 973 768; x_wconf 92' lang='lat' dir='ltr'><strong>ui</strong></span> <span class='ocrx_word' id='word_1_49' title='bbox 988 716 1043 769; x_wconf 90' lang='lat' dir='ltr'><strong>aut</strong></span> <span class='ocrx_word' id='word_1_50' title='bbox 1058 708 1137 770; x_wconf 93' lang='lat' dir='ltr'><strong>clam</strong></span> <span class='ocrx_word' id='word_1_51' title='bbox 1152 715 1207 768; x_wconf 90' lang='lat' dir='ltr'><strong>ant</strong></span> <span class='ocrx_word' id='word_1_52' title='bbox 1221 708 1367 788; x_wconf 90' lang='lat' dir='ltr'><strong>precario</strong></span> 
     </span>
     <span class='ocr_line' id='line_1_6' title="bbox 249 791 1402 875; baseline 0 -23"><span class='ocrx_word' id='word_1_53' title='bbox 249 793 267 852; x_wconf 91' lang='lat'><em>8</em></span> <span class='ocrx_word' id='word_1_54' title='bbox 286 792 424 874; x_wconf 88' lang='lat' dir='ltr'><strong>possidet</strong></span> <span class='ocrx_word' id='word_1_55' title='bbox 446 791 487 858; x_wconf 92' lang='lat' dir='ltr'><strong>ab</strong></span> <span class='ocrx_word' id='word_1_56' title='bbox 501 791 698 874; x_wconf 91' lang='lat' dir='ltr'><strong>aduersario,</strong></span> <span class='ocrx_word' id='word_1_57' title='bbox 725 793 854 875; x_wconf 90' lang='lat' dir='ltr'><strong>impune</strong></span> <span class='ocrx_word' id='word_1_58' title='bbox 870 794 1016 856; x_wconf 90' lang='lat' dir='ltr'><strong>deicitur.</strong></span> <span class='ocrx_word' id='word_1_59' title='bbox 1063 793 1112 854; x_wconf 85' lang='lat' dir='ltr'><strong>Ex</strong></span> <span class='ocrx_word' id='word_1_60' title='bbox 1127 792 1224 855; x_wconf 91' lang='lat' dir='ltr'><strong>rebus</strong></span> <span class='ocrx_word' id='word_1_61' title='bbox 1239 794 1273 854; x_wconf 93' lang='lat' dir='ltr'><strong>ui</strong></span> <span class='ocrx_word' id='word_1_62' title='bbox 1289 813 1366 873; x_wconf 93' lang='lat' dir='ltr'><strong>pos·</strong></span> <span class='ocrx_word' id='word_1_63' title='bbox 1384 806 1402 852; x_wconf 76' lang='lat'><strong>5</strong></span> 
     </span>
     <span class='ocr_line' id='line_1_7' title="bbox 285 878 1365 960; baseline 0.001 -20"><span class='ocrx_word' id='word_1_64' title='bbox 285 879 380 942; x_wconf 87' lang='lat' dir='ltr'><strong>sessis</strong></span> <span class='ocrx_word' id='word_1_65' title='bbox 403 880 430 942; x_wconf 88' lang='lat' dir='ltr'><strong>si</strong></span> <span class='ocrx_word' id='word_1_66' title='bbox 446 880 570 960; x_wconf 86' lang='lat' dir='ltr'><strong>aliquae</strong></span> <span class='ocrx_word' id='word_1_67' title='bbox 591 899 642 942; x_wconf 90' lang='lat' dir='ltr'><strong>res</strong></span> <span class='ocrx_word' id='word_1_68' title='bbox 665 881 800 942; x_wconf 82' lang='lat' dir='ltr'><strong>arserint</strong></span> <span class='ocrx_word' id='word_1_69' title='bbox 821 879 875 942; x_wconf 93' lang='lat' dir='ltr'><strong>uel</strong></span> <span class='ocrx_word' id='word_1_70' title='bbox 895 880 986 942; x_wconf 91' lang='lat' dir='ltr'><strong>serui</strong></span> <span class='ocrx_word' id='word_1_71' title='bbox 1005 878 1211 958; x_wconf 85' lang='lat' dir='ltr'><strong>decesserint,</strong></span> <span class='ocrx_word' id='word_1_72' title='bbox 1241 879 1315 940; x_wconf 87' lang='lat' dir='ltr'><strong>licet</strong></span> <span class='ocrx_word' id='word_1_73' title='bbox 1331 879 1365 941; x_wconf 94' lang='lat' dir='ltr'><strong>id</strong></span> 
     </span>
     <span class='ocr_line' id='line_1_8' title="bbox 284 963 1366 1046; baseline -0.002 -20"><span class='ocrx_word' id='word_1_74' title='bbox 284 965 351 1028; x_wconf 89' lang='lat' dir='ltr'><strong>sino</strong></span> <span class='ocrx_word' id='word_1_75' title='bbox 366 963 437 1028; x_wconf 93' lang='lat' dir='ltr'><strong>dolo</strong></span> <span class='ocrx_word' id='word_1_76' title='bbox 452 966 521 1028; x_wconf 90' lang='lat' dir='ltr'><strong>eius</strong></span> <span class='ocrx_word' id='word_1_77' title='bbox 536 967 592 1046; x_wconf 94' lang='lat' dir='ltr'><strong>qui</strong></span> <span class='ocrx_word' id='word_1_78' title='bbox 607 965 723 1028; x_wconf 89' lang='lat' dir='ltr'><strong>deiecit</strong></span> <span class='ocrx_word' id='word_1_79' title='bbox 738 965 853 1027; x_wconf 89' lang='lat' dir='ltr'><strong>factum</strong></span> <span class='ocrx_word' id='word_1_80' title='bbox 869 967 920 1043; x_wconf 88' lang='lat' dir='ltr'><strong>sit,</strong></span> <span class='ocrx_word' id='word_1_81' title='bbox 938 965 1154 1027; x_wconf 84' lang='lat' dir='ltr'><strong>aestimatione</strong></span> <span class='ocrx_word' id='word_1_82' title='bbox 1165 973 1272 1027; x_wconf 90' lang='lat' dir='ltr'><strong>tamen</strong></span> <span class='ocrx_word' id='word_1_83' title='bbox 1287 983 1366 1025; x_wconf 90' lang='lat' dir='ltr'><strong>con-</strong></span> 
     </span>
     <span class='ocr_line' id='line_1_9' title="bbox 235 1048 1366 1132; baseline 0.004 -24"><span class='ocrx_word' id='word_1_84' title='bbox 235 1051 267 1108; x_wconf 81' lang='lat' dir='ltr'><strong>a·</strong></span> <span class='ocrx_word' id='word_1_85' title='bbox 284 1048 483 1114; x_wconf 88' lang='lat' dir='ltr'><strong>demnandus</strong></span> <span class='ocrx_word' id='word_1_86' title='bbox 500 1060 557 1132; x_wconf 88' lang='lat' dir='ltr'><strong>est,</strong></span> <span class='ocrx_word' id='word_1_87' title='bbox 576 1053 632 1132; x_wconf 92' lang='lat' dir='ltr'><strong>qui</strong></span> <span class='ocrx_word' id='word_1_88' title='bbox 647 1052 692 1114; x_wconf 91' lang='lat' dir='ltr'><strong>ita</strong></span> <span class='ocrx_word' id='word_1_89' title='bbox 705 1051 807 1113; x_wconf 89' lang='lat' dir='ltr'><strong>uoluit</strong></span> <span class='ocrx_word' id='word_1_90' title='bbox 822 1051 955 1132; x_wconf 88' lang='lat' dir='ltr'><strong>adipisci</strong></span> <span class='ocrx_word' id='word_1_91' title='bbox 970 1069 1037 1112; x_wconf 94' lang='lat' dir='ltr'><strong>rem</strong></span> <span class='ocrx_word' id='word_1_92' title='bbox 1054 1051 1133 1113; x_wconf 92' lang='lat' dir='ltr'><strong>iuris</strong></span> <span class='ocrx_word' id='word_1_93' title='bbox 1148 1051 1255 1114; x_wconf 88' lang='lat' dir='ltr'><strong>alieni.</strong></span> <span class='ocrx_word' id='word_1_94' title='bbox 1281 1049 1366 1112; x_wconf 83' lang='lat' dir='ltr'><strong>*Gu-</strong></span> 
     </span>
     <span class='ocr_line' id='line_1_10' title="bbox 282 1135 1365 1218; baseline 0.002 -22"><span class='ocrx_word' id='word_1_95' title='bbox 282 1135 485 1217; x_wconf 77' lang='lat' dir='ltr'><strong>*iuscumque</strong></span> <span class='ocrx_word' id='word_1_96' title='bbox 501 1135 592 1200; x_wconf 92' lang='lat' dir='ltr'><strong>fundi</strong></span> <span class='ocrx_word' id='word_1_97' title='bbox 612 1135 868 1200; x_wconf 77' lang='lat' dir='ltr'><strong>usufructuariae</strong></span> <span class='ocrx_word' id='word_1_98' title='bbox 889 1136 1068 1218; x_wconf 90' lang='lat' dir='ltr'><strong>prohibitus</strong></span> <span class='ocrx_word' id='word_1_99' title='bbox 1089 1145 1143 1200; x_wconf 88' lang='lat' dir='ltr'><strong>aut</strong></span> <span class='ocrx_word' id='word_1_100' title='bbox 1165 1136 1307 1198; x_wconf 88' lang='lat' dir='ltr'><strong>deiectus</strong></span> <span class='ocrx_word' id='word_1_101' title='bbox 1323 1135 1365 1198; x_wconf 91' lang='lat' dir='ltr'><strong>de</strong></span> 
     </span>
     <span class='ocr_line' id='line_1_11' title="bbox 282 1220 1417 1304; baseline -0.003 -20"><span class='ocrx_word' id='word_1_102' title='bbox 282 1220 499 1286; x_wconf 72' lang='lat' dir='ltr'><strong>*restitutione</strong></span> <span class='ocrx_word' id='word_1_103' title='bbox 522 1223 662 1285; x_wconf 91' lang='lat' dir='ltr'><strong>omnium</strong></span> <span class='ocrx_word' id='word_1_104' title='bbox 677 1242 783 1286; x_wconf 91' lang='lat' dir='ltr'><strong>rerum</strong></span> <span class='ocrx_word' id='word_1_105' title='bbox 803 1223 898 1286; x_wconf 91' lang='lat' dir='ltr'><strong>simul</strong></span> <span class='ocrx_word' id='word_1_106' title='bbox 913 1232 1136 1303; x_wconf 89' lang='lat' dir='ltr'><strong>occupatarum</strong></span> <span class='ocrx_word' id='word_1_107' title='bbox 1151 1223 1231 1304; x_wconf 79' lang='lat' dir='ltr'><strong>agit:</strong></span> <span class='ocrx_word' id='word_1_108' title='bbox 1257 1221 1364 1284; x_wconf 87' lang='lat' dir='ltr'><strong>sedet</strong></span> <span class='ocrx_word' id='word_1_109' title='bbox 1384 1237 1417 1282; x_wconf 81' lang='lat' dir='ltr'><strong>to</strong></span> 
     </span>
     <span class='ocr_line' id='line_1_12' title="bbox 283 1305 1363 1391; baseline 0 -21"><span class='ocrx_word' id='word_1_110' title='bbox 283 1305 327 1370; x_wconf 75' lang='lat' dir='ltr'><strong>*si</strong></span> <span class='ocrx_word' id='word_1_111' title='bbox 340 1307 442 1372; x_wconf 86' lang='lat' dir='ltr'><strong>medio</strong></span> <span class='ocrx_word' id='word_1_112' title='bbox 457 1317 596 1390; x_wconf 85' lang='lat' dir='ltr'><strong>tempore</strong></span> <span class='ocrx_word' id='word_1_113' title='bbox 613 1309 712 1391; x_wconf 86' lang='lat' dir='ltr'><strong>aliquo</strong></span> <span class='ocrx_word' id='word_1_114' title='bbox 729 1328 803 1371; x_wconf 91' lang='lat' dir='ltr'><strong>casu</strong></span> <span class='ocrx_word' id='word_1_115' title='bbox 818 1307 1017 1371; x_wconf 88' lang='lat' dir='ltr'><strong>interciderit</strong></span> <span class='ocrx_word' id='word_1_116' title='bbox 1031 1307 1241 1387; x_wconf 79' lang='lat' dir='ltr'><strong>ususfructus,</strong></span> <span class='ocrx_word' id='word_1_117' title='bbox 1260 1327 1363 1388; x_wconf 88' lang='lat' dir='ltr'><strong>aeque</strong></span> 
     </span>
     <span class='ocr_line' id='line_1_13' title="bbox 231 1383 1364 1476; baseline 0.004 -26"><span class='ocrx_word' id='word_1_118' title='bbox 231 1383 265 1450; x_wconf 82' lang='lat' dir='ltr'><strong>8b</strong></span> <span class='ocrx_word' id='word_1_119' title='bbox 281 1391 340 1456; x_wconf 68' lang='lat' dir='ltr'><strong>*de</strong></span> <span class='ocrx_word' id='word_1_120' title='bbox 361 1396 517 1476; x_wconf 88' lang='lat' dir='ltr'><strong>perceptis</strong></span> <span class='ocrx_word' id='word_1_121' title='bbox 538 1403 629 1458; x_wconf 90' lang='lat' dir='ltr'><strong>antea</strong></span> <span class='ocrx_word' id='word_1_122' title='bbox 644 1393 798 1458; x_wconf 92' lang='lat' dir='ltr'><strong>fructibus</strong></span> <span class='ocrx_word' id='word_1_123' title='bbox 818 1395 906 1457; x_wconf 90' lang='lat' dir='ltr'><strong>utilis</strong></span> <span class='ocrx_word' id='word_1_124' title='bbox 920 1395 1000 1456; x_wconf 86' lang='lat' dir='ltr'><strong>actio</strong></span> <span class='ocrx_word' id='word_1_125' title='bbox 1016 1394 1179 1458; x_wconf 88' lang='lat' dir='ltr'><strong>tribuitur.</strong></span> <span class='ocrx_word' id='word_1_126' title='bbox 1231 1395 1264 1455; x_wconf 91' lang='lat' dir='ltr'><strong>Si</strong></span> <span class='ocrx_word' id='word_1_127' title='bbox 1287 1393 1364 1456; x_wconf 90' lang='lat' dir='ltr'><strong>fun-</strong></span> 
     </span>
     <span class='ocr_line' id='line_1_14' title="bbox 281 1477 1358 1562; baseline 0 -20"><span class='ocrx_word' id='word_1_128' title='bbox 281 1477 377 1560; x_wconf 75' lang='lat' dir='ltr'><strong>*dus,</strong></span> <span class='ocrx_word' id='word_1_129' title='bbox 403 1483 493 1544; x_wconf 90' lang='lat' dir='ltr'><strong>cuius</strong></span> <span class='ocrx_word' id='word_1_130' title='bbox 513 1479 713 1544; x_wconf 83' lang='lat' dir='ltr'><strong>ususfructus</strong></span> <span class='ocrx_word' id='word_1_131' title='bbox 735 1482 870 1562; x_wconf 89' lang='lat' dir='ltr'><strong>petitur,</strong></span> <span class='ocrx_word' id='word_1_132' title='bbox 895 1500 959 1542; x_wconf 92' lang='lat' dir='ltr'><strong>non</strong></span> <span class='ocrx_word' id='word_1_133' title='bbox 973 1499 992 1541; x_wconf 90' lang='lat' dir='ltr'><strong>a</strong></span> <span class='ocrx_word' id='word_1_134' title='bbox 1007 1478 1132 1542; x_wconf 92' lang='lat' dir='ltr'><strong>domino</strong></span> <span class='ocrx_word' id='word_1_135' title='bbox 1147 1478 1358 1562; x_wconf 87' lang='lat' dir='ltr'><strong>possideatur,</strong></span> 
     </span>
     <span class='ocr_line' id='line_1_15' title="bbox 281 1563 1362 1648; baseline 0 -20"><span class='ocrx_word' id='word_1_136' title='bbox 281 1563 376 1628; x_wconf 71' lang='lat' dir='ltr'><strong>*aetio</strong></span> <span class='ocrx_word' id='word_1_137' title='bbox 398 1565 553 1630; x_wconf 87' lang='lat' dir='ltr'><strong>redditur.</strong></span> <span class='ocrx_word' id='word_1_138' title='bbox 600 1575 632 1630; x_wconf 86' lang='lat' dir='ltr'><strong>et</strong></span> <span class='ocrx_word' id='word_1_139' title='bbox 653 1565 724 1630; x_wconf 90' lang='lat' dir='ltr'><strong>ideo</strong></span> <span class='ocrx_word' id='word_1_140' title='bbox 745 1569 772 1628; x_wconf 93' lang='lat' dir='ltr'><strong>si</strong></span> <span class='ocrx_word' id='word_1_141' title='bbox 794 1565 942 1628; x_wconf 90' lang='lat' dir='ltr'><strong>defundi</strong></span> <span class='ocrx_word' id='word_1_142' title='bbox 964 1568 1157 1648; x_wconf 89' lang='lat' dir='ltr'><strong>proprietate</strong></span> <span class='ocrx_word' id='word_1_143' title='bbox 1179 1565 1265 1627; x_wconf 91' lang='lat' dir='ltr'><strong>inter</strong></span> <span class='ocrx_word' id='word_1_144' title='bbox 1280 1565 1362 1628; x_wconf 89' lang='lat' dir='ltr'><strong>duos</strong></span> 
     </span>
     <span class='ocr_line' id='line_1_16' title="bbox 280 1647 1439 1733; baseline -0.002 -19"><span class='ocrx_word' id='word_1_145' title='bbox 280 1647 440 1732; x_wconf 71' lang='lat' dir='ltr'><strong>*quaestio</strong></span> <span class='ocrx_word' id='word_1_146' title='bbox 461 1653 518 1733; x_wconf 87' lang='lat' dir='ltr'><strong>sit,</strong></span> <span class='ocrx_word' id='word_1_147' title='bbox 552 1651 745 1716; x_wconf 80' lang='lat' dir='ltr'><strong>fructuarius</strong></span> <span class='ocrx_word' id='word_1_148' title='bbox 765 1653 863 1714; x_wconf 92' lang='lat' dir='ltr'><strong>nihilo</strong></span> <span class='ocrx_word' id='word_1_149' title='bbox 886 1654 992 1714; x_wconf 87' lang='lat' dir='ltr'><strong>minus</strong></span> <span class='ocrx_word' id='word_1_150' title='bbox 1014 1654 1047 1714; x_wconf 95' lang='lat' dir='ltr'><strong>in</strong></span> <span class='ocrx_word' id='word_1_151' title='bbox 1068 1652 1267 1733; x_wconf 84' lang='lat' dir='ltr'><strong>possessione</strong></span> <span class='ocrx_word' id='word_1_152' title='bbox 1290 1670 1361 1714; x_wconf 88' lang='lat' dir='ltr'><strong>esse</strong></span> <span class='ocrx_word' id='word_1_153' title='bbox 1381 1666 1414 1712; x_wconf 79' lang='lat' dir='ltr'><strong>ta</strong></span> <span class='ocrx_word' id='word_1_154' title='bbox 1435 1647 1439 1653; x_wconf 83' lang='grc'><strong>’</strong></span> 
     </span>
     <span class='ocr_line' id='line_1_17' title="bbox 280 1735 1361 1820; baseline 0 -20"><span class='ocrx_word' id='word_1_155' title='bbox 280 1735 393 1800; x_wconf 72' lang='lat' dir='ltr'><strong>*debet</strong></span> <span class='ocrx_word' id='word_1_156' title='bbox 414 1739 553 1819; x_wconf 88' lang='lat' dir='ltr'><strong>satisque</strong></span> <span class='ocrx_word' id='word_1_157' title='bbox 576 1740 606 1800; x_wconf 92' lang='lat' dir='ltr'><strong>ei</strong></span> <span class='ocrx_word' id='word_1_158' title='bbox 621 1759 640 1800; x_wconf 92' lang='lat' dir='ltr'><strong>a</strong></span> <span class='ocrx_word' id='word_1_159' title='bbox 653 1758 834 1820; x_wconf 87' lang='lat' dir='ltr'><strong>possessore</strong></span> <span class='ocrx_word' id='word_1_160' title='bbox 854 1737 1032 1816; x_wconf 79' lang='lat' dir='ltr'><strong>cauendum</strong></span> <span class='ocrx_word' id='word_1_161' title='bbox 1049 1747 1120 1818; x_wconf 75' lang='lat' dir='ltr'><strong>est,</strong></span> <span class='ocrx_word' id='word_1_162' title='bbox 1140 1737 1225 1818; x_wconf 93' lang='lat' dir='ltr'><strong>quod</strong></span> <span class='ocrx_word' id='word_1_163' title='bbox 1239 1756 1302 1798; x_wconf 92' lang='lat' dir='ltr'><strong>non</strong></span> <span class='ocrx_word' id='word_1_164' title='bbox 1319 1740 1361 1800; x_wconf 91' lang='lat' dir='ltr'><strong>sit</strong></span> 
     </span>
     <span class='ocr_line' id='line_1_18' title="bbox 279 1819 1361 1904; baseline 0.003 -20"><span class='ocrx_word' id='word_1_165' title='bbox 279 1819 514 1902; x_wconf 74' lang='lat' dir='ltr'><strong>*pmhibiturus</strong></span> <span class='ocrx_word' id='word_1_166' title='bbox 528 1823 590 1886; x_wconf 91' lang='lat' dir='ltr'><strong>frui</strong></span> <span class='ocrx_word' id='word_1_167' title='bbox 607 1843 689 1904; x_wconf 90' lang='lat' dir='ltr'><strong>eum,</strong></span> <span class='ocrx_word' id='word_1_168' title='bbox 709 1826 760 1886; x_wconf 87' lang='lat' dir='ltr'><strong>oui</strong></span> <span class='ocrx_word' id='word_1_169' title='bbox 775 1825 974 1887; x_wconf 90' lang='lat' dir='ltr'><strong>ususfructus</strong></span> <span class='ocrx_word' id='word_1_170' title='bbox 985 1825 1114 1886; x_wconf 89' lang='lat' dir='ltr'><strong>relictus</strong></span> <span class='ocrx_word' id='word_1_171' title='bbox 1130 1832 1188 1902; x_wconf 89' lang='lat' dir='ltr'><strong>est,</strong></span> <span class='ocrx_word' id='word_1_172' title='bbox 1206 1823 1361 1904; x_wconf 89' lang='lat' dir='ltr'><strong>quamdiu</strong></span> 
     </span>
     <span class='ocr_line' id='line_1_19' title="bbox 278 1905 1361 1992; baseline 0 -22"><span class='ocrx_word' id='word_1_173' title='bbox 278 1905 337 1970; x_wconf 71' lang='lat' dir='ltr'><strong>*de</strong></span> <span class='ocrx_word' id='word_1_174' title='bbox 354 1911 423 1972; x_wconf 88' lang='lat' dir='ltr'><strong>inre</strong></span> <span class='ocrx_word' id='word_1_175' title='bbox 438 1929 495 1972; x_wconf 92' lang='lat' dir='ltr'><strong>suo</strong></span> <span class='ocrx_word' id='word_1_176' title='bbox 509 1909 633 1990; x_wconf 89' lang='lat' dir='ltr'><strong>probet.</strong></span> <span class='ocrx_word' id='word_1_177' title='bbox 679 1909 737 1973; x_wconf 91' lang='lat' dir='ltr'><strong>sed</strong></span> <span class='ocrx_word' id='word_1_178' title='bbox 751 1913 777 1973; x_wconf 92' lang='lat' dir='ltr'><strong>si</strong></span> <span class='ocrx_word' id='word_1_179' title='bbox 793 1911 855 1992; x_wconf 91' lang='lat' dir='ltr'><strong>ipsi</strong></span> <span class='ocrx_word' id='word_1_180' title='bbox 877 1907 1111 1972; x_wconf 88' lang='lat' dir='ltr'><strong>usufructuario</strong></span> <span class='ocrx_word' id='word_1_181' title='bbox 1134 1911 1275 1990; x_wconf 90' lang='lat' dir='ltr'><strong>quaestio</strong></span> <span class='ocrx_word' id='word_1_182' title='bbox 1291 1930 1361 1971; x_wconf 94' lang='lat' dir='ltr'><strong>mo-</strong></span> 
     </span>
     <span class='ocr_line' id='line_1_20' title="bbox 278 1991 1359 2074; baseline 0.002 -18"><span class='ocrx_word' id='word_1_183' title='bbox 278 1991 426 2074; x_wconf 61' lang='lat' dir='ltr'><strong>fucatur,</strong></span> <span class='ocrx_word' id='word_1_184' title='bbox 456 1996 582 2058; x_wconf 89' lang='lat' dir='ltr'><strong>interim</strong></span> <span class='ocrx_word' id='word_1_185' title='bbox 604 1995 804 2060; x_wconf 89' lang='lat' dir='ltr'><strong>ususfructus</strong></span> <span class='ocrx_word' id='word_1_186' title='bbox 826 1998 895 2058; x_wconf 90' lang='lat' dir='ltr'><strong>eins</strong></span> <span class='ocrx_word' id='word_1_187' title='bbox 917 1996 1078 2058; x_wconf 81' lang='lat' dir='ltr'><strong>differtur:</strong></span> <span class='ocrx_word' id='word_1_188' title='bbox 1112 1995 1169 2058; x_wconf 90' lang='lat' dir='ltr'><strong>sed</strong></span> <span class='ocrx_word' id='word_1_189' title='bbox 1189 1996 1295 2058; x_wconf 87' lang='lat' dir='ltr'><strong>caueri</strong></span> <span class='ocrx_word' id='word_1_190' title='bbox 1318 1996 1359 2058; x_wconf 90' lang='lat' dir='ltr'><strong>de</strong></span> 
     </span>
     <span class='ocr_line' id='line_1_21' title="bbox 278 2077 1411 2163; baseline 0 -23"><span class='ocrx_word' id='word_1_191' title='bbox 278 2077 491 2143; x_wconf 69' lang='lat' dir='ltr'><strong>*restituendo</strong></span> <span class='ocrx_word' id='word_1_192' title='bbox 507 2100 554 2160; x_wconf 92' lang='lat' dir='ltr'><strong>eo,</strong></span> <span class='ocrx_word' id='word_1_193' title='bbox 571 2080 656 2162; x_wconf 93' lang='lat' dir='ltr'><strong>quod</strong></span> <span class='ocrx_word' id='word_1_194' title='bbox 671 2102 711 2144; x_wconf 79' lang='lat' dir='ltr'><strong>ex</strong></span> <span class='ocrx_word' id='word_1_195' title='bbox 725 2082 774 2144; x_wconf 90' lang='lat' dir='ltr'><strong>his</strong></span> <span class='ocrx_word' id='word_1_196' title='bbox 788 2083 944 2145; x_wconf 88' lang='lat' dir='ltr'><strong>fructibus</strong></span> <span class='ocrx_word' id='word_1_197' title='bbox 959 2091 1170 2163; x_wconf 87' lang='lat' dir='ltr'><strong>percepturus</strong></span> <span class='ocrx_word' id='word_1_198' title='bbox 1185 2091 1243 2161; x_wconf 88' lang='lat' dir='ltr'><strong>est,</strong></span> <span class='ocrx_word' id='word_1_199' title='bbox 1262 2083 1316 2144; x_wconf 93' lang='lat' dir='ltr'><strong>uel</strong></span> <span class='ocrx_word' id='word_1_200' title='bbox 1331 2083 1358 2143; x_wconf 91' lang='lat' dir='ltr'><strong>si</strong></span> <span class='ocrx_word' id='word_1_201' title='bbox 1378 2094 1411 2140; x_wconf 76' lang='lat' dir='ltr'><strong>ao</strong></span> 
     </span>
     <span class='ocr_line' id='line_1_22' title="bbox 228 2161 1359 2249; baseline 0.005 -25"><span class='ocrx_word' id='word_1_202' title='bbox 228 2163 262 2224; x_wconf 69' lang='lat'><strong>8*²</strong></span> <span class='ocrx_word' id='word_1_203' title='bbox 278 2161 371 2228; x_wconf 75' lang='lat' dir='ltr'><strong>*satis</strong></span> <span class='ocrx_word' id='word_1_204' title='bbox 386 2184 448 2228; x_wconf 90' lang='lat' dir='ltr'><strong>non</strong></span> <span class='ocrx_word' id='word_1_205' title='bbox 463 2165 567 2246; x_wconf 88' lang='lat' dir='ltr'><strong>detur,</strong></span> <span class='ocrx_word' id='word_1_206' title='bbox 586 2168 655 2248; x_wconf 90' lang='lat' dir='ltr'><strong>ipse</strong></span> <span class='ocrx_word' id='word_1_207' title='bbox 671 2166 733 2230; x_wconf 94' lang='lat' dir='ltr'><strong>frui</strong></span> <span class='ocrx_word' id='word_1_208' title='bbox 748 2169 955 2249; x_wconf 88' lang='lat' dir='ltr'><strong>permittitur.</strong></span> <span class='ocrx_word' id='word_1_209' title='bbox 983 2170 1017 2230; x_wconf 90' lang='lat' dir='ltr'><strong>Si</strong></span> <span class='ocrx_word' id='word_1_210' title='bbox 1033 2167 1073 2230; x_wconf 91' lang='lat' dir='ltr'><strong>de</strong></span> <span class='ocrx_word' id='word_1_211' title='bbox 1088 2169 1142 2230; x_wconf 90' lang='lat' dir='ltr'><strong>uia</strong></span> <span class='ocrx_word' id='word_1_212' title='bbox 1156 2169 1269 2229; x_wconf 90' lang='lat' dir='ltr'><strong>itinere</strong></span> <span class='ocrx_word' id='word_1_213' title='bbox 1285 2178 1359 2230; x_wconf 90' lang='lat' dir='ltr'><strong>actu</strong></span> 
     </span>
     <span class='ocr_line' id='line_1_23' title="bbox 279 2245 1359 2335; baseline 0.002 -23"><span class='ocrx_word' id='word_1_214' title='bbox 279 2245 498 2330; x_wconf 70' lang='lat' dir='ltr'><strong>*aquaeductu</strong></span> <span class='ocrx_word' id='word_1_215' title='bbox 513 2261 634 2333; x_wconf 78' lang='lat' dir='ltr'><strong>agatur,</strong></span> <span class='ocrx_word' id='word_1_216' title='bbox 653 2253 834 2316; x_wconf 88' lang='lat' dir='ltr'><strong>huiusmodi</strong></span> <span class='ocrx_word' id='word_1_217' title='bbox 846 2255 948 2316; x_wconf 91' lang='lat' dir='ltr'><strong>cautio</strong></span> <span class='ocrx_word' id='word_1_218' title='bbox 962 2253 1152 2335; x_wconf 88' lang='lat' dir='ltr'><strong>praestanda</strong></span> <span class='ocrx_word' id='word_1_219' title='bbox 1166 2263 1223 2334; x_wconf 91' lang='lat' dir='ltr'><strong>est,</strong></span> <span class='ocrx_word' id='word_1_220' title='bbox 1243 2272 1359 2334; x_wconf 86' lang='lat' dir='ltr'><strong>quam-</strong></span> 
     </span>
     <span class='ocr_line' id='line_1_24' title="bbox 278 2331 1357 2422; baseline 0.004 -26"><span class='ocrx_word' id='word_1_221' title='bbox 278 2331 353 2398; x_wconf 70' lang='lat' dir='ltr'><strong>*diu</strong></span> <span class='ocrx_word' id='word_1_222' title='bbox 373 2337 446 2416; x_wconf 92' lang='lat' dir='ltr'><strong>quis</strong></span> <span class='ocrx_word' id='word_1_223' title='bbox 461 2336 501 2399; x_wconf 91' lang='lat' dir='ltr'><strong>do</strong></span> <span class='ocrx_word' id='word_1_224' title='bbox 516 2338 585 2402; x_wconf 89' lang='lat' dir='ltr'><strong>iure</strong></span> <span class='ocrx_word' id='word_1_225' title='bbox 605 2358 662 2401; x_wconf 91' lang='lat' dir='ltr'><strong>suo</strong></span> <span class='ocrx_word' id='word_1_226' title='bbox 677 2339 802 2420; x_wconf 88' lang='lat' dir='ltr'><strong>doceat,</strong></span> <span class='ocrx_word' id='word_1_227' title='bbox 826 2359 889 2402; x_wconf 93' lang='lat' dir='ltr'><strong>non</strong></span> <span class='ocrx_word' id='word_1_228' title='bbox 905 2360 939 2402; x_wconf 92' lang='lat' dir='ltr'><strong>se</strong></span> <span class='ocrx_word' id='word_1_229' title='bbox 960 2337 1187 2422; x_wconf 87' lang='lat' dir='ltr'><strong>impeditmum</strong></span> <span class='ocrx_word' id='word_1_230' title='bbox 1209 2349 1357 2420; x_wconf 81' lang='lat' dir='ltr'><strong>agentem</strong></span> 
     </span>
     <span class='ocr_line' id='line_1_25' title="bbox 277 2417 1357 2506; baseline 0.006 -25"><span class='ocrx_word' id='word_1_231' title='bbox 277 2417 328 2482; x_wconf 70' lang='lat' dir='ltr'><strong>*et</strong></span> <span class='ocrx_word' id='word_1_232' title='bbox 347 2438 462 2502; x_wconf 90' lang='lat' dir='ltr'><strong>aquam</strong></span> <span class='ocrx_word' id='word_1_233' title='bbox 484 2421 653 2487; x_wconf 87' lang='lat' dir='ltr'><strong>ducentem</strong></span> <span class='ocrx_word' id='word_1_234' title='bbox 674 2435 705 2487; x_wconf 87' lang='lat' dir='ltr'><strong>et</strong></span> <span class='ocrx_word' id='word_1_235' title='bbox 726 2427 788 2488; x_wconf 86' lang='lat' dir='ltr'><strong>iter</strong></span> <span class='ocrx_word' id='word_1_236' title='bbox 808 2426 983 2488; x_wconf 88' lang='lat' dir='ltr'><strong>facientem.</strong></span> <span class='ocrx_word' id='word_1_237' title='bbox 1031 2425 1117 2506; x_wconf 95' lang='lat' dir='ltr'><strong>quod</strong></span> <span class='ocrx_word' id='word_1_238' title='bbox 1140 2427 1167 2487; x_wconf 94' lang='lat' dir='ltr'><strong>si</strong></span> <span class='ocrx_word' id='word_1_239' title='bbox 1188 2435 1285 2506; x_wconf 79' lang='lat' dir='ltr'><strong>neget</strong></span> <span class='ocrx_word' id='word_1_240' title='bbox 1305 2425 1357 2487; x_wconf 93' lang='lat' dir='ltr'><strong>ius</strong></span> 
     </span>
     <span class='ocr_line' id='line_1_26' title="bbox 277 2503 1409 2592; baseline 0.004 -25"><span class='ocrx_word' id='word_1_241' title='bbox 277 2503 365 2568; x_wconf 71' lang='lat' dir='ltr'><strong>*esse</strong></span> <span class='ocrx_word' id='word_1_242' title='bbox 380 2506 561 2571; x_wconf 86' lang='lat' dir='ltr'><strong>aduersario</strong></span> <span class='ocrx_word' id='word_1_243' title='bbox 580 2510 694 2592; x_wconf 78' lang='lat' dir='ltr'><strong>agendi</strong></span> <span class='ocrx_word' id='word_1_244' title='bbox 715 2529 816 2592; x_wconf 91' lang='lat' dir='ltr'><strong>aquae</strong></span> <span class='ocrx_word' id='word_1_245' title='bbox 831 2511 1013 2592; x_wconf 81' lang='lat' dir='ltr'><strong>ducendae,</strong></span> <span class='ocrx_word' id='word_1_246' title='bbox 1038 2531 1151 2574; x_wconf 91' lang='lat' dir='ltr'><strong>cauere</strong></span> <span class='ocrx_word' id='word_1_247' title='bbox 1172 2512 1241 2572; x_wconf 91' lang='lat' dir='ltr'><strong>sine</strong></span> <span class='ocrx_word' id='word_1_248' title='bbox 1261 2531 1358 2592; x_wconf 88' lang='lat' dir='ltr'><strong>prae-</strong></span> <span class='ocrx_word' id='word_1_249' title='bbox 1375 2525 1409 2571; x_wconf 76' lang='lat' dir='ltr'><strong>as</strong></span> 
     </span>
     <span class='ocr_line' id='line_1_27' title="bbox 276 2587 1358 2678; baseline 0.007 -28"><span class='ocrx_word' id='word_1_250' title='bbox 276 2587 412 2654; x_wconf 71' lang='lat' dir='ltr'><strong>*iudicio</strong></span> <span class='ocrx_word' id='word_1_251' title='bbox 433 2595 623 2659; x_wconf 87' lang='lat' dir='ltr'><strong>amittendae</strong></span> <span class='ocrx_word' id='word_1_252' title='bbox 644 2597 808 2660; x_wconf 89' lang='lat' dir='ltr'><strong>seruitutis</strong></span> <span class='ocrx_word' id='word_1_253' title='bbox 823 2597 972 2676; x_wconf 87' lang='lat' dir='ltr'><strong>debebit,</strong></span> <span class='ocrx_word' id='word_1_254' title='bbox 989 2597 1090 2660; x_wconf 90' lang='lat' dir='ltr'><strong>donec</strong></span> <span class='ocrx_word' id='word_1_255' title='bbox 1105 2598 1247 2678; x_wconf 90' lang='lat' dir='ltr'><strong>quaestio</strong></span> <span class='ocrx_word' id='word_1_256' title='bbox 1263 2597 1358 2658; x_wconf 88' lang='lat' dir='ltr'><strong>finie-</strong></span> 
     </span>
     <span class='ocr_line' id='line_1_28' title="bbox 224 2667 1353 2762; baseline 0.008 -27"><span class='ocrx_word' id='word_1_257' title='bbox 224 2667 260 2734; x_wconf 71' lang='lat' dir='ltr'><strong>ge</strong></span> <span class='ocrx_word' id='word_1_258' title='bbox 275 2673 364 2758; x_wconf 72' lang='lat' dir='ltr'><strong>*tur,</strong></span> <span class='ocrx_word' id='word_1_259' title='bbox 381 2697 445 2742; x_wconf 93' lang='lat' dir='ltr'><strong>non</strong></span> <span class='ocrx_word' id='word_1_260' title='bbox 459 2699 493 2743; x_wconf 90' lang='lat' dir='ltr'><strong>se</strong></span> <span class='ocrx_word' id='word_1_261' title='bbox 508 2701 650 2746; x_wconf 89' lang='lat' dir='ltr'><strong>usurum.</strong></span> <span class='ocrx_word' id='word_1_262' title='bbox 700 2731 707 2745; x_wconf 98' lang='lat'><strong>.</strong></span> <span class='ocrx_word' id='word_1_263' title='bbox 724 2729 732 2746; x_wconf 96' lang='lat'><strong>.</strong></span> <span class='ocrx_word' id='word_1_264' title='bbox 750 2729 757 2744; x_wconf 92' lang='lat'><strong>.</strong></span> <span class='ocrx_word' id='word_1_265' title='bbox 774 2730 781 2744; x_wconf 89' lang='lat'><strong>.</strong></span> <span class='ocrx_word' id='word_1_266' title='bbox 807 2683 1018 2762; x_wconf 86' lang='lat' dir='ltr'><strong>fructuarius,</strong></span> <span class='ocrx_word' id='word_1_267' title='bbox 1041 2685 1115 2746; x_wconf 90' lang='lat' dir='ltr'><strong>licet</strong></span> <span class='ocrx_word' id='word_1_268' title='bbox 1137 2703 1194 2745; x_wconf 92' lang='lat' dir='ltr'><strong>suo</strong></span> <span class='ocrx_word' id='word_1_269' title='bbox 1211 2683 1353 2744; x_wconf 91' lang='lat' dir='ltr'><strong>nomine.</strong></span> 
     </span>
     <span class='ocr_line' id='line_1_29' title="bbox 174 2754 1416 2832; baseline 0.002 -5"><span class='ocrx_word' id='word_1_270' title='bbox 174 2760 209 2816; x_wconf 75' lang='lat'><strong>8⁸</strong></span> <span class='ocrx_word' id='word_1_271' title='bbox 228 2754 262 2820; x_wconf 74' lang='lat'><strong>8¹</strong></span> <span class='ocrx_word' id='word_1_272' title='bbox 275 2759 303 2822; x_wconf 74' lang='grc'><strong>“.</strong></span> <span class='ocrx_word' id='word_1_273' title='bbox 402 2765 471 2828; x_wconf 85' lang='lat' dir='ltr'><strong>siue</strong></span> <span class='ocrx_word' id='word_1_274' title='bbox 485 2766 526 2830; x_wconf 88' lang='lat' dir='ltr'><strong>ad</strong></span> <span class='ocrx_word' id='word_1_275' title='bbox 548 2767 681 2832; x_wconf 89' lang='lat' dir='ltr'><strong>fundum</strong></span> <span class='ocrx_word' id='word_1_276' title='bbox 696 2779 840 2832; x_wconf 90' lang='lat' dir='ltr'><strong>nostrum</strong></span> <span class='ocrx_word' id='word_1_277' title='bbox 860 2769 935 2832; x_wconf 90' lang='lat' dir='ltr'><strong>facit</strong></span> <span class='ocrx_word' id='word_1_278' title='bbox 948 2770 1018 2832; x_wconf 87' lang='lat' dir='ltr'><strong>siue</strong></span> <span class='ocrx_word' id='word_1_279' title='bbox 1033 2789 1074 2831; x_wconf 81' lang='lat' dir='ltr'><strong>ex</strong></span> <span class='ocrx_word' id='word_1_280' title='bbox 1087 2768 1197 2832; x_wconf 87' lang='lat' dir='ltr'><strong>fundo.</strong></span> <span class='ocrx_word' id='word_1_281' title='bbox 1243 2771 1357 2832; x_wconf 87' lang='lat' dir='ltr'><strong>Serui-</strong></span> <span class='ocrx_word' id='word_1_282' title='bbox 1413 2802 1416 2806; x_wconf 93' lang='lat'>·</span> 
     </span>
     <span class='ocr_line' id='line_1_30' title="bbox 274 2846 1352 2936; baseline 0.006 -27"><span class='ocrx_word' id='word_1_283' title='bbox 274 2846 361 2912; x_wconf 70' lang='lat' dir='ltr'><strong>&#39;tute</strong></span> <span class='ocrx_word' id='word_1_284' title='bbox 382 2869 460 2914; x_wconf 89' lang='lat' dir='ltr'><strong>usus</strong></span> <span class='ocrx_word' id='word_1_285' title='bbox 474 2871 538 2916; x_wconf 89' lang='lat' dir='ltr'><strong>non</strong></span> <span class='ocrx_word' id='word_1_286' title='bbox 558 2852 687 2918; x_wconf 90' lang='lat' dir='ltr'><strong>uidetur</strong></span> <span class='ocrx_word' id='word_1_287' title='bbox 700 2856 763 2918; x_wconf 91' lang='lat' dir='ltr'><strong>nisi</strong></span> <span class='ocrx_word' id='word_1_288' title='bbox 778 2857 816 2936; x_wconf 90' lang='lat' dir='ltr'><strong>is,</strong></span> <span class='ocrx_word' id='word_1_289' title='bbox 841 2856 897 2936; x_wconf 90' lang='lat' dir='ltr'><strong>qui</strong></span> <span class='ocrx_word' id='word_1_290' title='bbox 912 2874 968 2918; x_wconf 93' lang='lat' dir='ltr'><strong>suo</strong></span> <span class='ocrx_word' id='word_1_291' title='bbox 991 2856 1059 2918; x_wconf 90' lang='lat' dir='ltr'><strong>iure</strong></span> <span class='ocrx_word' id='word_1_292' title='bbox 1079 2857 1126 2918; x_wconf 91' lang='lat' dir='ltr'><strong>uti</strong></span> <span class='ocrx_word' id='word_1_293' title='bbox 1141 2875 1176 2918; x_wconf 92' lang='lat' dir='ltr'><strong>se</strong></span> <span class='ocrx_word' id='word_1_294' title='bbox 1197 2854 1352 2917; x_wconf 86' lang='lat' dir='ltr'><strong>credidit:</strong></span> 
     </span>
     <span class='ocr_line' id='line_1_31' title="bbox 275 2931 1410 3023; baseline 0.005 -29"><span class='ocrx_word' id='word_1_295' title='bbox 275 2931 428 3016; x_wconf 71' lang='lat' dir='ltr'><strong>*ideoque</strong></span> <span class='ocrx_word' id='word_1_296' title='bbox 451 2938 478 3000; x_wconf 86' lang='lat' dir='ltr'><strong>si</strong></span> <span class='ocrx_word' id='word_1_297' title='bbox 500 2941 573 3020; x_wconf 89' lang='lat' dir='ltr'><strong>quis</strong></span> <span class='ocrx_word' id='word_1_298' title='bbox 595 2959 653 3022; x_wconf 89' lang='lat' dir='ltr'><strong>pro</strong></span> <span class='ocrx_word' id='word_1_299' title='bbox 673 2942 727 3004; x_wconf 86' lang='lat' dir='ltr'><strong>uia</strong></span> <span class='ocrx_word' id='word_1_300' title='bbox 748 2941 876 3023; x_wconf 89' lang='lat' dir='ltr'><strong>publica</strong></span> <span class='ocrx_word' id='word_1_301' title='bbox 897 2942 951 3003; x_wconf 92' lang='lat' dir='ltr'><strong>uel</strong></span> <span class='ocrx_word' id='word_1_302' title='bbox 965 2961 1023 3022; x_wconf 94' lang='lat' dir='ltr'><strong>pro</strong></span> <span class='ocrx_word' id='word_1_303' title='bbox 1045 2942 1175 3004; x_wconf 87' lang='lat' dir='ltr'><strong>alterius</strong></span> <span class='ocrx_word' id='word_1_304' title='bbox 1196 2942 1353 3003; x_wconf 90' lang='lat' dir='ltr'><strong>seruitute</strong></span> <span class='ocrx_word' id='word_1_305' title='bbox 1374 2955 1410 3000; x_wconf 83' lang='lat' dir='ltr'><strong>eo</strong></span> 
     </span>
     <span class='ocr_line' id='line_1_32' title="bbox 239 3015 1355 3108; baseline 0.005 -26"><span class='ocrx_word' id='word_1_306' title='bbox 239 3015 370 3082; x_wconf 54' lang='lat' dir='ltr'><strong>Vesus</strong></span> <span class='ocrx_word' id='word_1_307' title='bbox 385 3022 441 3100; x_wconf 89' lang='lat' dir='ltr'><strong>sit,</strong></span> <span class='ocrx_word' id='word_1_308' title='bbox 465 3042 525 3088; x_wconf 90' lang='lat' dir='ltr'><strong>noc</strong></span> <span class='ocrx_word' id='word_1_309' title='bbox 546 3026 750 3090; x_wconf 89' lang='lat' dir='ltr'><strong>interdictum</strong></span> <span class='ocrx_word' id='word_1_310' title='bbox 771 3046 832 3090; x_wconf 89' lang='lat' dir='ltr'><strong>noc</strong></span> <span class='ocrx_word' id='word_1_311' title='bbox 852 3028 933 3090; x_wconf 90' lang='lat' dir='ltr'><strong>actio</strong></span> <span class='ocrx_word' id='word_1_312' title='bbox 951 3027 1073 3090; x_wconf 88' lang='lat' dir='ltr'><strong>utiliter</strong></span> <span class='ocrx_word' id='word_1_313' title='bbox 1093 3023 1274 3108; x_wconf 76' lang='lat' dir='ltr'><strong>competit*</strong></span> <span class='ocrx_word' id='word_1_314' title='bbox 1319 3028 1355 3088; x_wconf 93' lang='lat' dir='ltr'><strong>Si</strong></span> 
     </span>
     <span class='ocr_line' id='line_1_33' title="bbox 275 3103 1355 3194; baseline 0.011 -31"><span class='ocrx_word' id='word_1_315' title='bbox 275 3103 358 3166; x_wconf 88' lang='lat' dir='ltr'><strong>inter</strong></span> <span class='ocrx_word' id='word_1_316' title='bbox 377 3108 500 3172; x_wconf 87' lang='lat' dir='ltr'><strong>uicinos</strong></span> <span class='ocrx_word' id='word_1_317' title='bbox 520 3130 561 3173; x_wconf 82' lang='lat' dir='ltr'><strong>ox</strong></span> <span class='ocrx_word' id='word_1_318' title='bbox 582 3113 739 3176; x_wconf 85' lang='lat' dir='ltr'><strong>communi</strong></span> <span class='ocrx_word' id='word_1_319' title='bbox 761 3115 830 3175; x_wconf 89' lang='lat' dir='ltr'><strong>rino</strong></span> <span class='ocrx_word' id='word_1_320' title='bbox 852 3131 935 3194; x_wconf 89' lang='lat' dir='ltr'><strong>aqua</strong></span> <span class='ocrx_word' id='word_1_321' title='bbox 956 3112 1107 3192; x_wconf 88' lang='lat' dir='ltr'><strong>ducatur,</strong></span> <span class='ocrx_word' id='word_1_322' title='bbox 1131 3113 1240 3176; x_wconf 91' lang='lat' dir='ltr'><strong>induci</strong></span> <span class='ocrx_word' id='word_1_323' title='bbox 1261 3114 1355 3194; x_wconf 90' lang='lat' dir='ltr'><strong>prius</strong></span> 
     </span>
    </p>
   </div>
   <div class='ocr_carea' id='block_1_3' title="bbox 277 3221 388 3240">
    <p class='ocr_par' dir='ltr' id='par_1_3' title="bbox 277 3221 388 3240">
     <span class='ocr_line' id='line_1_34' title="bbox 277 3221 388 3240; baseline 0.036 -4"><span class='ocrx_word' id='word_1_324' title='bbox 277 3221 388 3240; x_wconf 59' lang='lat' dir='ltr'><strong>mm</strong></span> 
     </span>
    </p>
   </div>
   <div class='ocr_carea' id='block_1_4' title="bbox 275 3275 1353 3418">
    <p class='ocr_par' dir='ltr' id='par_1_4' title="bbox 275 3275 1353 3418">
     <span class='ocr_line' id='line_1_35' title="bbox 344 3275 1353 3349; baseline -0.006 -15"><span class='ocrx_word' id='word_1_325' title='bbox 344 3275 710 3347; x_wconf 54' lang='lat' dir='ltr'><strong>etesia-Quum</strong></span> <span class='ocrx_word' id='word_1_326' title='bbox 752 3283 764 3349; x_wconf 75' lang='lat' dir='ltr'><strong>q</strong></span> <span class='ocrx_word' id='word_1_327' title='bbox 806 3284 1136 3348; x_wconf 48' lang='lat' dir='ltr'><strong>samosatenae</strong></span> <span class='ocrx_word' id='word_1_328' title='bbox 1178 3285 1190 3348; x_wconf 77' lang='lat' dir='ltr'><strong>q</strong></span> <span class='ocrx_word' id='word_1_329' title='bbox 1236 3280 1353 3346; x_wconf 69' lang='lat' dir='ltr'><strong>aar=</strong></span> 
     </span>
     <span class='ocr_line' id='line_1_36' title="bbox 275 3341 1227 3418; baseline 0.008 -24"><span class='ocrx_word' id='word_1_330' title='bbox 275 3341 458 3408; x_wconf 57' lang='lat' dir='ltr'><strong>nicaeae</strong></span> <span class='ocrx_word' id='word_1_331' title='bbox 491 3347 503 3413; x_wconf 75' lang='lat' dir='ltr'><strong>q</strong></span> <span class='ocrx_word' id='word_1_332' title='bbox 533 3353 847 3417; x_wconf 53' lang='lat' dir='ltr'><strong>semotusque</strong></span> <span class='ocrx_word' id='word_1_333' title='bbox 876 3352 889 3416; x_wconf 73' lang='lat' dir='ltr'><strong>q</strong></span> <span class='ocrx_word' id='word_1_334' title='bbox 918 3349 1227 3418; x_wconf 70' lang='lat' dir='ltr'><strong>e‚s¹=o2·9.a‚a‚as</strong></span> 
     </span>
    </p>
   </div>
   <div class='ocr_carea' id='block_1_5' title="bbox 277 3444 1101 3478">
    <p class='ocr_par' dir='ltr' id='par_1_5' title="bbox 277 3444 1101 3478">
     <span class='ocr_line' id='line_1_37' title="bbox 277 3444 1101 3478; baseline 0.01 -18"><span class='ocrx_word' id='word_1_335' title='bbox 277 3444 386 3460; x_wconf 43' lang='lat' dir='ltr'><strong>m&amp;</strong></span> <span class='ocrx_word' id='word_1_336' title='bbox 403 3447 449 3462; x_wconf 56' lang='lat' dir='ltr'><strong>xm.</strong></span> <span class='ocrx_word' id='word_1_337' title='bbox 500 3450 658 3469; x_wconf 44' lang='lat' dir='ltr'><strong>mxx&amp;</strong></span> <span class='ocrx_word' id='word_1_338' title='bbox 852 3454 1036 3469; x_wconf 56' lang='grc' dir='ltr'><strong>ΝΛΛΛΑΛΛΛᾹΛΛκ</strong></span> <span class='ocrx_word' id='word_1_339' title='bbox 1044 3455 1101 3478; x_wconf 54' lang='grc' dir='ltr'><strong>κςκΑΛ</strong></span> 
     </span>
    </p>
   </div>
   <div class='ocr_carea' id='block_1_6' title="bbox 271 3515 1355 4128">
    <p class='ocr_par' dir='ltr' id='par_1_6' title="bbox 271 3515 1355 4128">
     <span class='ocr_line' id='line_1_38' title="bbox 336 3515 1355 3592; baseline 0.012 -30"><span class='ocrx_word' id='word_1_340' title='bbox 336 3518 354 3592; x_wconf 23' lang='lat' dir='ltr'><strong>‘t</strong></span> <span class='ocrx_word' id='word_1_341' title='bbox 370 3515 497 3582; x_wconf 82' lang='lat' dir='ltr'><strong>idemque</strong></span> <span class='ocrx_word' id='word_1_342' title='bbox 506 3519 658 3586; x_wconf 60' lang='lat' dir='ltr'><strong>Muclus,</strong></span> <span class='ocrx_word' id='word_1_343' title='bbox 667 3523 751 3588; x_wconf 87' lang='lat' dir='ltr'><strong>idque</strong></span> <span class='ocrx_word' id='word_1_344' title='bbox 759 3525 858 3574; x_wconf 74' lang='lat' dir='ltr'><strong>codices</strong></span> <span class='ocrx_word' id='word_1_345' title='bbox 880 3524 892 3587; x_wconf 73' lang='lat' dir='ltr'><strong>l</strong></span> <span class='ocrx_word' id='word_1_346' title='bbox 915 3525 986 3588; x_wconf 69' lang='lat' dir='ltr'><strong>eqni</strong></span> <span class='ocrx_word' id='word_1_347' title='bbox 996 3524 1027 3584; x_wconf 89' lang='lat'><strong>1.‚</strong></span> <span class='ocrx_word' id='word_1_348' title='bbox 1037 3522 1102 3588; x_wconf 86' lang='lat' dir='ltr'><strong>qnia</strong></span> <span class='ocrx_word' id='word_1_349' title='bbox 1114 3525 1140 3574; x_wconf 74' lang='grc' dir='ltr'>Ι</span> <span class='ocrx_word' id='word_1_350' title='bbox 1162 3525 1174 3588; x_wconf 85' lang='grc' dir='ltr'>Ι</span> <span class='ocrx_word' id='word_1_351' title='bbox 1198 3528 1225 3573; x_wconf 86' lang='lat' dir='ltr'><strong>lt</strong></span> <span class='ocrx_word' id='word_1_352' title='bbox 1241 3525 1296 3575; x_wconf 85' lang='lat' dir='ltr'><strong>elio</strong></span> <span class='ocrx_word' id='word_1_353' title='bbox 1307 3526 1330 3574; x_wconf 84' lang='lat' dir='ltr'><em>F</em></span> <span class='ocrx_word' id='word_1_354' title='bbox 1343 3522 1355 3592; x_wconf 88' lang='grc' dir='ltr'><strong>ΙΙ</strong></span> 
     </span>
     <span class='ocr_line' id='line_1_39' title="bbox 275 3581 1351 3658; baseline 0.015 -30"><span class='ocrx_word' id='word_1_355' title='bbox 275 3581 439 3635; x_wconf 71' lang='lat' dir='ltr'><strong>tedrlfertur</strong></span> <span class='ocrx_word' id='word_1_356' title='bbox 446 3587 673 3646; x_wconf 56' lang='lat' dir='ltr'><strong>retunderent</strong></span> <span class='ocrx_word' id='word_1_357' title='bbox 693 3591 705 3656; x_wconf 76' lang='lat' dir='ltr'><strong>ll</strong></span> <span class='ocrx_word' id='word_1_358' title='bbox 726 3591 829 3654; x_wconf 76' lang='lat' dir='ltr'><strong>caueri]</strong></span> <span class='ocrx_word' id='word_1_359' title='bbox 841 3594 1140 3643; x_wconf 66' lang='lat' dir='ltr'><strong>ceuetnreiflomee</strong></span> <span class='ocrx_word' id='word_1_360' title='bbox 1162 3593 1174 3658; x_wconf 87' lang='grc' dir='ltr'>Ι</span> <span class='ocrx_word' id='word_1_361' title='bbox 1197 3597 1230 3642; x_wconf 77' lang='lat'><strong>25</strong></span> <span class='ocrx_word' id='word_1_362' title='bbox 1242 3593 1351 3658; x_wconf 81' lang='lat' dir='ltr'><strong>agendi]</strong></span> 
     </span>
     <span class='ocr_line' id='line_1_40' title="bbox 272 3650 1355 3730; baseline 0.006 -25"><span class='ocrx_word' id='word_1_363' title='bbox 272 3650 356 3730; x_wconf 56' lang='lat' dir='ltr'><strong>myli</strong></span> <span class='ocrx_word' id='word_1_364' title='bbox 367 3653 464 3716; x_wconf 71' lang='lat' dir='ltr'><strong>egendi</strong></span> <span class='ocrx_word' id='word_1_365' title='bbox 476 3657 619 3710; x_wconf 62' lang='lat' dir='ltr'><strong>nomm</strong></span> <span class='ocrx_word' id='word_1_366' title='bbox 646 3659 659 3724; x_wconf 94' lang='grc' dir='ltr'>Ι</span> <span class='ocrx_word' id='word_1_367' title='bbox 687 3660 842 3712; x_wconf 65' lang='lat' dir='ltr'><strong>‹lucendil²</strong></span> <span class='ocrx_word' id='word_1_368' title='bbox 873 3660 886 3724; x_wconf 92' lang='grc' dir='ltr'>Ι</span> <span class='ocrx_word' id='word_1_369' title='bbox 920 3665 952 3710; x_wconf 75' lang='lat' dir='ltr'><strong>st</strong></span> <span class='ocrx_word' id='word_1_370' title='bbox 965 3659 994 3725; x_wconf 76' lang='lat'><strong>§§</strong></span> <span class='ocrx_word' id='word_1_371' title='bbox 1005 3656 1046 3711; x_wconf 58' lang='grc' dir='ltr'><strong>δὲ.</strong></span> <span class='ocrx_word' id='word_1_372' title='bbox 1060 3665 1090 3711; x_wconf 68' lang='lat'><strong>80</strong></span> <span class='ocrx_word' id='word_1_373' title='bbox 1101 3662 1355 3726; x_wconf 68' lang='lat' dir='ltr'><strong>Smudnerepulis</strong></span> 
     </span>
     <span class='ocr_line' id='line_1_41' title="bbox 272 3726 1350 3794; baseline 0.013 -26"><span class='ocrx_word' id='word_1_374' title='bbox 272 3726 433 3772; x_wconf 66' lang='lat' dir='ltr'><strong>macerano</strong></span> <span class='ocrx_word' id='word_1_375' title='bbox 443 3729 520 3775; x_wconf 71' lang='lat' dir='ltr'><strong>cent.-</strong></span> <span class='ocrx_word' id='word_1_376' title='bbox 532 3739 586 3778; x_wconf 86' lang='lat' dir='ltr'><strong>usu</strong></span> <span class='ocrx_word' id='word_1_377' title='bbox 596 3731 729 3780; x_wconf 65' lang='lat' dir='ltr'><strong>muitetur</strong></span> <span class='ocrx_word' id='word_1_378' title='bbox 739 3731 867 3790; x_wconf 68' lang='lat' dir='ltr'><strong>seruitiis,</strong></span> <span class='ocrx_word' id='word_1_379' title='bbox 881 3743 946 3780; x_wconf 86' lang='lat' dir='ltr'><strong>eum</strong></span> <span class='ocrx_word' id='word_1_380' title='bbox 957 3731 1016 3794; x_wconf 82' lang='lat' dir='ltr'><strong>ipse</strong></span> <span class='ocrx_word' id='word_1_381' title='bbox 1026 3731 1073 3780; x_wconf 85' lang='lat' dir='ltr'><strong>cui</strong></span> <span class='ocrx_word' id='word_1_382' title='bbox 1084 3730 1201 3782; x_wconf 84' lang='lat' dir='ltr'><strong>debetur</strong></span> <span class='ocrx_word' id='word_1_383' title='bbox 1211 3733 1350 3784; x_wconf 82' lang='lat' dir='ltr'><strong>utitur...</strong></span> 
     </span>
     <span class='ocr_line' id='line_1_42' title="bbox 271 3786 1353 3870; baseline 0.007 -26"><span class='ocrx_word' id='word_1_384' title='bbox 271 3791 319 3838; x_wconf 71' lang='lat' dir='ltr'><strong>nl</strong></span> <span class='ocrx_word' id='word_1_385' title='bbox 329 3786 496 3870; x_wconf 57' lang='lat' dir='ltr'><strong>buefuerius</strong></span> <span class='ocrx_word' id='word_1_386' title='bbox 507 3818 539 3832; x_wconf 92' lang='lat'><em>-</em></span> <span class='ocrx_word' id='word_1_387' title='bbox 552 3793 717 3850; x_wconf 64' lang='lat' dir='ltr'><strong>mutuarias</strong></span> <span class='ocrx_word' id='word_1_388' title='bbox 727 3798 793 3850; x_wconf 85' lang='lat' dir='ltr'><strong>licet</strong></span> <span class='ocrx_word' id='word_1_389' title='bbox 803 3811 855 3850; x_wconf 84' lang='lat' dir='ltr'><strong>sno</strong></span> <span class='ocrx_word' id='word_1_390' title='bbox 866 3801 986 3850; x_wconf 84' lang='lat' dir='ltr'><strong>nomine.</strong></span> <span class='ocrx_word' id='word_1_391' title='bbox 1001 3824 1033 3836; x_wconf 90' lang='lat'><em>-</em></span> <span class='ocrx_word' id='word_1_392' title='bbox 1052 3798 1171 3865; x_wconf 87' lang='lat' dir='ltr'><strong>denique</strong></span> <span class='ocrx_word' id='word_1_393' title='bbox 1182 3802 1353 3865; x_wconf 84' lang='lat' dir='ltr'><strong>quicumque</strong></span> 
     </span>
     <span class='ocr_line' id='line_1_43' title="bbox 271 3857 1354 3936; baseline 0.014 -31"><span class='ocrx_word' id='word_1_394' title='bbox 271 3868 350 3936; x_wconf 70' lang='lat' dir='ltr'><strong>quan</strong></span> <span class='ocrx_word' id='word_1_395' title='bbox 359 3857 452 3910; x_wconf 74' lang='lat' dir='ltr'><strong>debite</strong></span> <span class='ocrx_word' id='word_1_396' title='bbox 463 3861 508 3912; x_wconf 77' lang='lat' dir='ltr'><strong>uie</strong></span> <span class='ocrx_word' id='word_1_397' title='bbox 519 3875 587 3916; x_wconf 78' lang='lat' dir='ltr'><strong>usus</strong></span> <span class='ocrx_word' id='word_1_398' title='bbox 598 3863 678 3917; x_wconf 86' lang='lat' dir='ltr'><strong>fuerit</strong></span> <span class='ocrx_word' id='word_1_399' title='bbox 691 3893 722 3904; x_wconf 97' lang='lat'>-</span> <span class='ocrx_word' id='word_1_400' title='bbox 736 3868 795 3918; x_wconf 86' lang='lat' dir='ltr'><strong>siue</strong></span> <span class='ocrx_word' id='word_1_401' title='bbox 808 3903 815 3918; x_wconf 90' lang='lat'><strong>.</strong></span> <span class='ocrx_word' id='word_1_402' title='bbox 829 3905 836 3918; x_wconf 85' lang='lat'><strong>.</strong></span> <span class='ocrx_word' id='word_1_403' title='bbox 847 3903 855 3916; x_wconf 91' lang='lat'><strong>.</strong></span> <span class='ocrx_word' id='word_1_404' title='bbox 868 3880 903 3918; x_wconf 77' lang='lat' dir='ltr'><strong>ex</strong></span> <span class='ocrx_word' id='word_1_405' title='bbox 913 3865 1000 3917; x_wconf 85' lang='lat' dir='ltr'><strong>fundo</strong></span> <span class='ocrx_word' id='word_1_406' title='bbox 1010 3893 1047 3903; x_wconf 91' lang='lat'><em>—</em></span> <span class='ocrx_word' id='word_1_407' title='bbox 1059 3905 1066 3916; x_wconf 93' lang='lat'><strong>.</strong></span> <span class='ocrx_word' id='word_1_408' title='bbox 1078 3905 1086 3917; x_wconf 90' lang='lat'><strong>.</strong></span> <span class='ocrx_word' id='word_1_409' title='bbox 1099 3905 1106 3916; x_wconf 91' lang='lat'><strong>.</strong></span> <span class='ocrx_word' id='word_1_410' title='bbox 1120 3869 1281 3920; x_wconf 79' lang='lat' dir='ltr'><strong>retinebitur</strong></span> <span class='ocrx_word' id='word_1_411' title='bbox 1291 3883 1354 3920; x_wconf 87' lang='lat' dir='ltr'><strong>ser-</strong></span> 
     </span>
     <span class='ocr_line' id='line_1_44' title="bbox 273 3927 1352 4008; baseline 0.014 -35"><span class='ocrx_word' id='word_1_412' title='bbox 273 3929 346 3974; x_wconf 69' lang='lat' dir='ltr'><strong>uitus</strong></span> <span class='ocrx_word' id='word_1_413' title='bbox 364 3996 371 4004; x_wconf 28' lang='grc' dir='ltr'><strong><em>ι</em></strong></span> <span class='ocrx_word' id='word_1_414' title='bbox 384 3927 396 3988; x_wconf 91' lang='grc' dir='ltr'>Ι</span> <span class='ocrx_word' id='word_1_415' title='bbox 423 3931 469 4008; x_wconf 70' lang='lat'><strong>¹⁸2</strong></span> <span class='ocrx_word' id='word_1_416' title='bbox 486 3929 580 3984; x_wconf 86' lang='lat' dir='ltr'><strong>induci</strong></span> <span class='ocrx_word' id='word_1_417' title='bbox 595 3935 730 3996; x_wconf 66' lang='lat' dir='ltr'><strong>(interdici</strong></span> <span class='ocrx_word' id='word_1_418' title='bbox 742 3937 814 3998; x_wconf 74' lang='lat' dir='ltr'><strong>dett.)</strong></span> <span class='ocrx_word' id='word_1_419' title='bbox 829 3938 907 4001; x_wconf 86' lang='lat' dir='ltr'><strong>prius</strong></span> <span class='ocrx_word' id='word_1_420' title='bbox 917 3935 1007 3999; x_wconf 69' lang='lat' dir='ltr'><strong>debet]</strong></span> <span class='ocrx_word' id='word_1_421' title='bbox 1021 3939 1193 3998; x_wconf 61' lang='lat' dir='ltr'><strong>mmm</strong></span> <span class='ocrx_word' id='word_1_422' title='bbox 1201 3939 1258 4000; x_wconf 76' lang='lat' dir='ltr'><strong>fere</strong></span> <span class='ocrx_word' id='word_1_423' title='bbox 1269 3940 1352 3988; x_wconf 75' lang='lat' dir='ltr'><strong>tolie:</strong></span> 
     </span>
     <span class='ocr_line' id='line_1_45' title="bbox 272 3994 1352 4116; baseline 0 -58"><span class='ocrx_word' id='word_1_424' title='bbox 272 3994 372 4058; x_wconf 61' lang='lat' dir='ltr'><strong>&#39;mm</strong></span> <span class='ocrx_word' id='word_1_425' title='bbox 380 3997 564 4116; x_wconf 51' lang='lat' dir='ltr'><strong>gnusdtebef</strong></span> <span class='ocrx_word' id='word_1_426' title='bbox 579 4002 680 4066; x_wconf 79' lang='lat' dir='ltr'><strong>quibus</strong></span> <span class='ocrx_word' id='word_1_427' title='bbox 695 4003 806 4056; x_wconf 86' lang='lat' dir='ltr'><strong>uicibus</strong></span> <span class='ocrx_word' id='word_1_428' title='bbox 822 4005 923 4068; x_wconf 68' lang='lat' dir='ltr'><strong>unguii</strong></span> <span class='ocrx_word' id='word_1_429' title='bbox 939 4009 1003 4056; x_wconf 73' lang='lat' dir='ltr'><strong>ente</strong></span> <span class='ocrx_word' id='word_1_430' title='bbox 1020 4008 1236 4058; x_wconf 68' lang='lat' dir='ltr'><strong>neumnensium</strong></span> <span class='ocrx_word' id='word_1_431' title='bbox 1247 4011 1352 4058; x_wconf 79' lang='lat' dir='ltr'><strong>motam</strong></span> 
     </span>
     <span class='ocr_line' id='line_1_46' title="bbox 271 4074 495 4128; baseline 0 -14"><span class='ocrx_word' id='word_1_432' title='bbox 271 4074 371 4128; x_wconf 72' lang='lat' dir='ltr'><strong>aquen</strong></span> <span class='ocrx_word' id='word_1_433' title='bbox 401 4076 495 4114; x_wconf 76' lang='lat' dir='ltr'><strong>uerae</strong></span> 
     </span>
    </p>
   </div>
   <div class='ocr_carea' id='block_1_7' title="bbox 0 0 1538 4826">
    <p class='ocr_par' dir='ltr' id='par_1_7' title="bbox 0 0 1538 4826">
     <span class='ocr_line' id='line_1_47' title="bbox 0 0 1538 4826; baseline 0 1"><span class='ocrx_word' id='word_1_434' title='bbox 0 0 1538 4826; x_wconf 95' lang='lat' dir='ltr'><strong> </strong></span> 
     </span>
    </p>
   </div>
  </div>
 </body>
</html>
