3066 4826
293 363 367 414 Paul.
383 363 428 426 tlt,
443 367 525 412 t-to
685 397 771 411 .....
814 363 856 426 94
899 395 986 410 ...-

291 553 376 614 natio
392 553 502 614 mortis
517 571 611 615 eausa
632 561 775 614 cessante
797 550 981 614 ualetudine
1004 561 1037 613 ot
1055 559 1211 632 sequente
1230 553 1376 629 sanitato,

292 639 486 787 ppppsigpptia
514 639 607 700 etiam
631 647 813 700 reuooatnr:
842 647 941 699 morte
964 639 1049 699 enim
1064 637 1281 699 tautummodo
1303 655 1380 698 eou-

610 911 671 994 [uu
715 931 753 973 an
776 931 871 973 trouu
893 909 1059 992 sanemus]

256 1031 268 1091 i
378 1033 537 1096 Exhausta
551 1033 662 1113 legatis
677 1042 732 1096 aut
753 1031 1003 1094 fideicommissis
1017 1031 1071 1092 uel
1085 1031 1196 1091 mortis
1211 1048 1306 1093 causa
1321 1029 1379 1091 do-
1399 1043 1412 1086 5

292 1117 474 1180 nationibus
489 1118 666 1182 hereditate
688 1119 804 1181 auxilio
820 1117 973 1180 Falcidiae
996 1117 1160 1178 institutus
1182 1117 1278 1178 heros
1297 1135 1380 1196 qua-

253 1201 273 1263 2
292 1203 436 1266 drantam
452 1206 591 1268 retinere
607 1214 722 1286 potest.
754 1206 906 1278 Quotiens
922 1204 962 1266 de
977 1202 1069 1266 modo
1086 1212 1217 1282 quartae
1233 1203 1380 1264 retinen-

292 1288 351 1354 dae
367 1287 550 1370 quaeritur,
569 1299 699 1372 propter
719 1291 897 1371 perieulum
911 1290 985 1370 plus
1000 1287 1131 1370 petendi
1148 1288 1249 1350 officio
1265 1287 1380 1350 iudiois

292 1373 440 1438 omnibus
455 1377 628 1439 aestimatis
650 1385 762 1456 quarta
777 1375 920 1438 iacienda
935 1385 998 1453 est,
1027 1393 1109 1456 quae
1124 1374 1209 1454 apud
1225 1373 1379 1436 heredem

294 1470 465 1540 remaneat,
485 1469 539 1524 aut
554 1472 640 1526 oarte
653 1461 809 1544 exigenda
824 1463 926 1538 cautio
941 1482 959 1524 a
974 1461 1134 1542 legatario,
1153 1469 1188 1522 ut
1203 1460 1290 1540 quod
1305 1461 1379 1540 plus
1399 1472 1430 1516 ⁴⁰

254 1547 272 1607 3
292 1545 445 1610 dodrante
461 1549 641 1629 perceperit
662 1549 817 1610 restituat.
864 1548 924 1626 Ea,
942 1566 1021 1627 quae
1036 1555 1136 1608 mater
1151 1547 1227 1608 uiua
1243 1545 1306 1606 filio
1322 1545 1381 1608 do-

239 1633 274 1693 3·
293 1635 396 1714 nouit,
416 1633 448 1696 in
465 1643 610 1716 quartam
626 1652 688 1696 uon
704 1636 911 1714 imputantur.
957 1631 1067 1695 *Aeris
1082 1633 1178 1695 alieni
1192 1633 1259 1694 looo
1275 1631 1381 1694 dedu-

292 1717 428 1783 *ountur
443 1739 506 1782 uon
528 1721 629 1784 solum
644 1721 747 1800 pretia
763 1739 871 1782 eorum
887 1719 1005 1800 quibus
1026 1718 1158 1782 libertas
1180 1717 1254 1780 data
1276 1727 1325 1780 est
1347 1729 1379 1781 et

292 1803 420 1870 *eorum
436 1807 492 1888 qui
507 1806 661 1887 supplicio
683 1816 758 1868 sunt
778 1805 909 1884 adienti,
935 1804 993 1867 sed
1009 1815 1040 1867 et
1055 1805 1125 1866 eius
1140 1823 1236 1884 quem
1252 1814 1380 1884 praetor

292 1889 438 1973 *propter
461 1891 612 1956 iudicium
634 1891 777 1974 proditae
800 1893 909 1953 mortis
930 1891 983 1954 uel
1005 1890 1147 1952 detectae
1170 1909 1281 1952 eorum
1303 1909 1380 1952 oon-
1399 1901 1431 1945 ⁴5

255 1977 272 2037 t
291 1975 474 2041 ⁴'iurationis
490 1977 635 2040 libertate
651 1976 813 2041 donauit*
842 1979 890 2038 Ex
904 1996 990 2039 mora
1006 1975 1271 2058 praestandorum
1287 1976 1380 2040 fidei-

293 2063 528 2126 commissorum
554 2064 607 2126 uel
622 2064 796 2145 legatorum
813 2063 934 2125 fruetus
957 2073 988 2124 et
1002 2082 1118 2126 usurae
1134 2063 1201 2142 peti
1225 2072 1376 2142 possunt:

294 2167 378 2212 mora
395 2159 500 2212 autem
518 2151 588 2212 fieri
603 2149 741 2228 uidetur,
761 2169 832 2212 oum
848 2149 1019 2230 postulanti
1034 2168 1096 2210 non
1112 2147 1215 2210 datur.

809 2336 859 2419 oxi

378 2455 430 2518 *Si
454 2457 558 2520 nullae
580 2457 644 2520 sint
666 2475 717 2519 res
738 2456 968 2536 hereditariae,
1001 2458 1034 2517 in
1058 2475 1137 2536 quas
1159 2455 1303 2536 legatarii
1326 2457 1379 2518 uel
1398 2468 1430 2512 ao
1525 2479 1526 2500 t

292 2627 458 2747 :,possunt
484 2628 541 2692 sed
554 2647 613 2710 per
634 2639 814 2711 praetorem
836 2628 1008 2709 denegatos
1029 2628 1141 2690 heredi
1161 2629 1302 2690 actiones
1317 2629 1379 2709 ipsi

292 2537 590 2604 *fideicommissarii
606 2544 781 2623 mittantur,
801 2543 834 2605 in
851 2562 918 2605 rem
930 2504 1060 2624 qdidem
1075 2540 1202 2604 heredis
1216 2543 1299 2603 mitti
1314 2561 1378 2602 non
1525 2511 1526 2554 ¹

292 2713 556 2795 Qpersequantur
560 2715 577 2748 ⁸*

1525 2867 1526 2908 i

815 2901 853 2983 [d
1525 2931 1526 2982 i

380 3023 433 3085 *in
454 3022 546 3086 bonis
560 3023 711 3085 curatoris
727 3022 931 3121 priuilegium
947 3020 1057 3083 furiosi
1072 3019 1250 3083 furiosaaue
1266 3041 1380 3084 serua-
1398 3033 1432 3079 aa

291 3109 379 3173 *turt
398 3108 548 3191 prodigus
563 3119 595 3172 at
609 3127 719 3170 omnes
732 3109 871 3186 omnino,
890 3109 1011 3170 etiamsi
1029 3107 1061 3168 in
1076 3107 1178 3169 adioto
1193 3126 1256 3168 uon
1272 3107 1307 3169 fit
1322 3127 1380 3169 eo-
1525 3105 1526 3184 ,

292 3197 382 3258 *rum
398 3197 532 3274 mentio,
558 3193 699 3257 inbonis
722 3195 875 3257 curatoris
897 3193 1024 3255 decreto
1045 3194 1248 3273 priuilegium
1261 3213 1379 3256 oonse-

291 3281 485 3363 *quantun*

292 3469 343 3484 mm

362 3555 387 3616 a,
401 3557 474 3604 n·
489 3553 548 3618 nrq.
563 3557 606 3614 os,
621 3557 646 3616 a,
661 3557 692 3604 ao
723 3555 734 3618 u
767 3557 828 3604 o·
842 3554 901 3618 aaa.
914 3557 955 3615 so,
968 3557 993 3615 a,
1006 3557 1036 3604 ro
1066 3553 1078 3617 a
1113 3556 1143 3600 ro
1158 3572 1189 3594 =
1203 3553 1374 3615 uranum,

294 3627 335 3687 ts,
352 3627 379 3674 t:
400 3623 458 3674 ooo
475 3627 563 3674 ostam
580 3623 634 3673 looo
651 3623 713 3673 tneo
731 3623 1058 3674 semonniaeonstttutn
1070 3627 1123 3680 est,
1142 3624 1377 3684 queaeramus

290 3693 377 3744 nono
388 3695 459 3743 toton
471 3691 538 3743 toto
550 3691 807 3756 dominatorem

297 3825 529 3843 mmmmxx

363 3947 906 4013 tooqnentatssseoutadettdotdtd
946 3947 958 4010 n
999 3945 1376 4013 iquartaeL‚partisttn

291 4017 306 4065 8
326 4015 426 4067 tudinis
439 4015 468 4076 t,
483 4015 629 4068 iudicantis
644 4015 672 4066 tr
