3066 4826
12 533 14 592 l

12 603 14 638 y

12 643 13 668 l

12 675 14 720 l

534 384 621 398 ...
664 353 705 414 93
749 385 835 398 ....
1020 350 1095 402 aaut.
1109 351 1156 410 111,
1172 352 1227 400 ar

141 539 272 618 genteis
289 539 401 620 legatis
420 557 458 602 ea
480 541 583 602 omnia
605 540 826 618 continentur,
851 557 932 618 quae
948 539 1112 618 capacitati
1134 539 1227 600 alicui

140 634 328 705 praeparata
343 634 435 704 sunt,
454 635 486 686 et
501 623 572 688 ideo
586 635 650 687 taur
667 627 786 706 potoria
802 643 896 705 quam
914 626 1049 703 escaria,
1075 625 1150 686 item
1166 625 1228 684 mi-

141 711 276 772 nisteria
291 713 394 774 omnia
413 710 632 790 debebuntur,
657 711 758 772 ueluti
773 710 892 773 urceoli
914 711 1019 772 lances
1035 711 1161 790 patinae
1177 711 1227 790 pi-

140 797 317 876 perataria:
345 797 518 858 cochlearia
541 816 667 878 quoque
690 799 830 877 itemque
853 796 966 858 trullae
988 797 1100 858 calices
1116 797 1226 878 scyphi

83 882 120 940 87
141 892 174 944 et
189 883 241 944 his
255 883 380 944 similia.
417 882 521 944 Libris
534 883 647 964 legatis
661 893 726 944 tam
740 882 866 944 chartae
881 883 1042 945 uolumina
1057 881 1110 944 uel
1125 901 1226 943 mem·
1244 891 1264 938 s

140 968 260 1030 branae
283 979 314 1030 et
336 969 481 1050 philyrae
503 971 719 1031 continentur:
754 967 877 1032 codices
900 985 1027 1048 quoque
1049 967 1222 1030 debentur:

141 1053 297 1116 librorum
320 1056 404 1116 enim
433 1055 641 1136 appellatione
672 1073 735 1116 non
756 1055 918 1116 uolumina
940 1054 1137 1132 chartarum,
1169 1052 1226 1114 sed

81 1140 122 1198 88
141 1142 317 1220 scripturae
333 1139 445 1202 modus
460 1142 515 1220 qui
531 1151 615 1203 certo
630 1141 693 1202 fine
709 1139 907 1202 concluditur
921 1141 1116 1202 aestimatur.
1140 1135 1226 1200 Auro

141 1227 243 1306 legato
259 1245 400 1306 gemmae
420 1245 546 1306 quoque
568 1227 709 1288 inclusae
732 1227 874 1306 itemque
888 1226 1075 1305 margaritae
1096 1232 1124 1286 et
1142 1243 1224 1286 sma-

140 1311 232 1392 ragdi
247 1313 349 1392 legato
365 1311 493 1374 cedunt.
534 1313 590 1374 sed
608 1314 706 1394 magis
723 1321 770 1373 est
790 1312 962 1374 uoluntatis
978 1330 1047 1373 esse
1063 1312 1225 1390 quaestio·
1245 1321 1282 1366 to

141 1417 233 1459 nem:
258 1399 425 1460 †iniactum
448 1399 533 1459 enim
553 1417 666 1460 aurum
685 1397 872 1460 debebitur:
898 1398 1014 1458 iactum
1031 1397 1115 1458 enim
1131 1416 1225 1458 orna-

80 1484 121 1542 89
139 1493 319 1546 mentorum
344 1503 461 1564 genere
490 1486 680 1546 continetur.
733 1485 822 1546 Vasis
844 1483 1002 1564 argenteis
1024 1483 1135 1564 legatis
1157 1501 1225 1543 em-

81 1571 120 1628 90
139 1569 280 1631 blemata
293 1589 419 1650 quoque
435 1589 476 1630 ex
490 1589 565 1632 auro
577 1571 674 1631 infixa
689 1570 791 1650 legato
803 1569 930 1631 cedunt.
954 1567 1093 1649 Argenta
1103 1569 1224 1648 potorio

139 1657 242 1735 legato
257 1657 361 1716 omnia
377 1675 459 1736 quae
474 1655 514 1718 ad
529 1657 710 1736 poculorum
732 1657 870 1736 speciem
885 1664 1064 1736 comparata
1079 1663 1153 1716 sunt
1168 1653 1226 1715 de-

138 1741 319 1820 bebantur,
338 1742 438 1803 ueluti
454 1752 581 1822 paterae
598 1742 711 1805 calices
727 1742 837 1822 scyphi
856 1741 973 1803 urceoli
988 1740 1179 1822 oenophoria
1195 1751 1225 1801 et
1244 1751 1281 1796 te

82 1828 114 1887 tt
139 1827 289 1888 conchae.
338 1827 475 1889 Carruca
498 1847 569 1890 cum
586 1829 732 1890 iunctura
754 1828 856 1908 legata
872 1827 975 1888 mulae
999 1843 1123 1907 quoque
1138 1826 1225 1906 lega-

138 1923 208 1988 tae,
233 1933 295 1974 nort
310 1922 341 1974 et
361 1915 456 1976 mulio
470 1913 616 1992 uidetur,
634 1922 766 1994 propter
781 1910 968 1974 cotidianam
983 1911 1134 1992 loquendi
1150 1931 1226 1972 eon-

68 2000 121 2058 9l²
138 1999 356 2060 suetudinem.
394 1999 511 2061 *Heres
526 2019 655 2061 seruum
675 2001 856 2080 proprium,
883 2017 976 2079 mem
992 2006 1123 2060 testator
1138 1997 1225 2078 lega-

136 2085 258 2164 *uerat
273 2085 523 2148 manumittendo
535 2086 614 2146 nihil
626 2087 700 2166 agit,
720 2087 793 2164 quia
805 2086 955 2146 scientiae
966 2085 1019 2146 uel
1031 2085 1224 2164 ignorantiae

67 2165 120 2230 9lb
136 2173 228 2232 *eius
239 2171 358 2234 nullam
374 2172 492 2252 placuit
503 2171 626 2233 admitti
642 2173 804 2232 rationem.
830 2169 986 2249 Libertus,
1006 2171 1105 2250 quiin
1117 2172 1222 2250 priore
1243 2179 1281 2223 ω

139 2256 251 2338 *parte
266 2259 446 2320 testamenti
462 2259 599 2338 legatum
611 2266 775 2337 acceperat
790 2265 823 2318 et
837 2257 979 2336 ingratus
994 2267 1102 2336 postea
1114 2255 1223 2318 eadem

137 2343 316 2422 *scriptura
338 2362 356 2404 a
378 2352 527 2405 testatore
555 2344 731 2424 appellatus
754 2352 818 2421 est,
851 2353 1039 2404 commutata
1060 2343 1223 2404 uoluntate

80 2431 119 2490 92
136 2429 314 2490 *actionem
330 2447 371 2490 ex
393 2439 579 2492 testamento
594 2427 713 2490 habere
736 2447 799 2490 non
813 2429 949 2509 potest*
994 2429 1122 2490 Prolatis
1138 2427 1224 2490 codi-

137 2516 220 2577 cillis
236 2515 290 2576 uel
312 2515 372 2576 alio
388 2524 591 2594 testamento,
617 2513 734 2594 quibus
749 2513 930 2595 ademptum
955 2525 1003 2576 est
1017 2515 1156 2596 legatum
1173 2516 1221 2576 uel

137 2611 225 2662 certe
241 2601 421 2681 rescissum,
439 2619 607 2682 perperam
623 2601 726 2662 soluto
742 2610 942 2680 repetuntur.
1242 2610 1280 2656 Ξῖ»

372 2821 421 2904 [vu
467 2843 502 2884 na
524 2841 631 2890 neuris
653 2840 742 2884 cursa
764 2822 991 2904 nouarroraavs]

102 2946 111 3002 -l
224 2944 331 3004 Mortis
346 2961 439 3004 eausa
455 2941 549 3004 donat
565 2943 619 3022 qui
636 2941 677 3004 ad
693 2941 816 3004 bellum
826 2941 1033 3023 proficiscitur
1047 2951 1079 3002 et
1094 2941 1148 3020 qui
1164 2959 1224 3000 ua-

134 3033 242 3110 uigat,
270 3048 306 3090 ea
322 3030 441 3090 seilicet
463 3019 662 3108 con'dicione,
680 3038 732 3106 ut,
753 3030 780 3090 si
795 3047 944 3090 reuersus
960 3026 1071 3104 luerit,
1091 3025 1152 3087 sibi
1169 3045 1223 3086 re-

99 3119 115 3176 t>
134 3118 296 3194 stituatur‚
316 3117 342 3176 si
357 3116 508 3195 perierit,
527 3133 626 3195 penes
642 3133 714 3186 eum
731 3123 892 3176 remaneat
907 3114 957 3175 cui
974 3112 1114 3174 donauit.
1159 3112 1222 3172 Do-

141 3340 177 3352 mv
180 3341 184 3348 =
188 3333 1221 3353 &mmmmmwxmxwxwvwxxxmvwxxx

208 3478 234 3535 s,
249 3477 295 3522 en
308 3495 339 3517 =
354 3475 413 3538 neq.
429 3475 471 3535 to,
486 3477 511 3536 e,
526 3477 558 3523 as
588 3474 599 3537 y
631 3477 654 3536 e,
669 3470 717 3522 aab
730 3495 761 3517 =
776 3474 835 3538 etp.
851 3476 892 3538 at,
910 3476 933 3535 t,
948 3477 979 3522 ae

1172 3658 1219 3670 mm,

207 3816 394 3880 ipolioralll,
414 3816 581 3880 potatoriaL
627 3815 638 3878 11
686 3817 875 3880 tpatinaeli,
894 3815 1024 3879 patenel
1059 3814 1070 3877 ΙΙ
1105 3827 1224 3879 pepera-

136 3887 206 3937 taria
219 3885 256 3944 li,
275 3885 472 3949 piperatoriaL
501 3884 512 3946 ΙΙ
543 3884 699 3934 tcocliaria
713 3885 760 3934 nt
789 3884 800 3947 ΙΙ
830 3883 981 3948 tphilyrae
996 3883 1124 3941 Colacem,
1138 3883 1222 3948 phyl-

136 3955 209 4005 lidae
220 3955 319 4003 codices
353 3953 364 4014 ll
399 3952 757 4016 tmargaritaeasmaragdi
770 3953 818 4002 alt
860 3952 871 4015 11
913 3954 940 4000 tt
963 3951 1218 4013 enimportiactum

137 4025 203 4074 delet
221 4022 354 4072 Huschke:
379 4023 423 4072 sed
445 4023 569 4071 uideatur
585 4022 711 4070 nonnulla
728 4021 888 4071 intercidirsb
933 4020 945 4083 ll
992 4025 1024 4070 tt
1048 4019 1168 4070 enoieria
1187 4021 1219 4086 t,

136 4091 287 4143 enoleraria
301 4091 328 4139 lli
362 4091 373 4154 11
411 4094 441 4140 t7
461 4090 525 4153 non]
541 4103 591 4140 nec
603 4103 657 4140 uon
670 4090 700 4149 t,
714 4102 764 4138 om,
780 4090 809 4139 Μ
815 4107 822 4138 .·
836 4089 921 4138 mulio
934 4092 1024 4139 autem
1037 4101 1092 4138 non
1104 4089 1226 4140 debetur

138 4162 320 4222 interpretatio
348 4160 358 4220 ll
389 4162 418 4207 at
439 4159 565 4223 adempto
578 4163 618 4208 est
629 4159 716 4222 legato
729 4159 777 4208 ML
807 4158 817 4221 ΙΙ
848 4161 879 4207 25
898 4159 994 4208 solutis
1007 4159 1055 4208 tlt.
