3066 4826
536 375 623 388 ...
667 341 728 404 165
771 373 857 385 ..-
1056 339 1094 388 De
1107 339 1167 388 iure
1179 337 1239 388 fisci

364 527 367 614 l
392 529 699 605 essedan--l
722 548 797 590 *um
820 525 1062 610 *sna—-l
1092 527 1240 592 dicantur

157 617 235 696 seq
256 619 417 693 —-l
449 635 543 678 causa
564 615 637 676 fisco
659 633 696 676 ae
907 610 998 694 lpse
1022 633 1085 676 non
1106 623 1239 695 possunt

156 721 300 763 nasum*
323 701 327 786 l
353 711 516 764 entesuato
536 711 643 764 contra
663 720 772 763 aarum
796 696 801 784 Ι
827 701 911 762 inter
931 718 963 762 se
982 701 1056 780 fiseo
1082 701 1240 780 stipulan-

95 790 133 848 lt
155 799 219 850 tur.
252 789 367 850 Eorum
382 787 553 867 bonorum,
572 807 654 869 quae
669 787 709 849 ad
724 787 834 850 fiscum
850 787 1014 868 pertinere
1031 785 1194 866 dicuntur,
1212 787 1242 847 se'

156 875 370 938 controuersia
386 883 561 953 moueatur,
580 881 651 936 ante
666 873 845 936 senteutiam
860 891 920 934 neo
935 872 1101 953 obsignari
1110 891 1171 934 nec
1182 872 1240 934 de·
1258 884 1273 930 s

158 958 255 1022 scribi
271 970 325 1022 aut
339 961 533 1041 incorporari
549 969 691 1041 possunt.
731 958 817 1021 idem
834 967 981 1022 seruatur
996 967 1028 1020 et
1043 977 1115 1020 oum
1130 977 1149 1020 a
1164 977 1240 1020 sen-

94 1047 134 1106 l5
155 1047 255 1108 tentia
270 1047 449 1126 prouocatio
465 1047 689 1128 interponitur.
721 1047 779 1108 Pro
795 1045 845 1106 his
859 1043 962 1124 bonis,
982 1045 1173 1125 quaefiscus
1189 1045 1240 1105 in-

156 1133 289 1212 quietat,
313 1151 425 1194 manus
447 1151 604 1214 opponere
625 1150 717 1194 nemo
736 1129 866 1212 quidem
880 1127 1071 1216 prohibelltur
1085 1164 1241 1298 -—-!

1178 1225 1231 1276 tur

154 1322 541 1365 ———es**
559 1214 894 1386 l———riansl
1117 1301 1241 1382 pcllunt
1260 1314 1291 1359 lo

94 1392 134 1451 l6
158 1385 513 1471 i———iorisora'r
529 1385 533 1474 Ι
550 1424 705 1433 --
719 1413 753 1446 *a
767 1385 877 1471 -l
1087 1396 1155 1449 tum
1170 1385 1242 1448 offi-

156 1474 240 1536 cium
256 1471 391 1556 stelas*
404 1477 532 1556 fiscum,
557 1493 652 1555 aquo
668 1475 815 1536 salarium
829 1483 1036 1555 acceperunt,
1054 1474 1116 1535 nisi
1133 1474 1166 1534 in
1182 1491 1241 1535 suo

152 1567 323 1642 parentum
347 1561 481 1624 filiorum
500 1561 732 1642 pupillorumue
757 1578 884 1622 suorum
914 1577 1024 1638 causa,
1056 1558 1241 1620 libertorum

156 1647 269 1726 etiam,
287 1646 398 1709 adesse
409 1645 638 1729 prohibentur:
663 1647 737 1708 etsi
753 1644 930 1724 adfuerim,
949 1643 1077 1707 infamia
1092 1646 1240 1726 plectun-

17 1787 24 1810 ,
156 1740 219 1794 tur.
252 1749 328 1794 sane
343 1733 402 1794 hoo
416 1733 584 1814 principali
599 1731 749 1812 beneficio
761 1733 933 1813 impetrare
944 1749 1007 1792 non
1019 1730 1237 1811 prohtbeutur.
1260 1744 1291 1790 le

17 1821 19 1848 '
92 1821 134 1881 li
155 1818 236 1880 Fisoi
258 1817 419 1898 aduocati,
450 1818 569 1899 quibus
595 1817 636 1880 ad
665 1828 791 1904 tempus
812 1817 949 1880 officium
972 1816 1155 1880 mandatum
1178 1825 1238 1895 est,

156 1905 230 1984 quia
246 1904 395 1967 salarium
410 1924 474 1967 uon
490 1906 664 1986 accipiunt,
690 1915 799 1967 contra
821 1903 932 1966 fiscum
953 1901 1066 1966 adesse
1087 1921 1151 1965 non
1166 1922 1241 1983 pro-

94 1995 136 2053 l8
156 1989 318 2053 hibentur.
360 1991 469 2073 Capite
491 1992 570 2073 legis
593 1992 754 2053 censoriae
777 1992 927 2069 cauetur,
960 1998 1081 2052 utnon
1103 1998 1236 2067 tantum,

156 2096 228 2138 cum
258 2076 337 2156 quid
370 2073 380 2162 ΙΙ
794 2074 798 2159 l
1111 2073 1115 2157 l
1146 2093 1241 2155 prae-

156 2173 275 2240 statur,
301 2165 392 2226 ouius
414 2164 460 2226 rci
483 2164 597 2225 omissa
612 2161 764 2244 professio
779 2163 942 2225 commisso
958 2164 1041 2224 iutra
1056 2164 1241 2242 quinquen·
1260 2174 1291 2219 so

80 2252 138 2309 ⁴8⁸
156 2249 245 2311 nium
260 2249 363 2311 locum
375 2250 464 2330 feeit.
503 2251 619 2312 Earum
635 2269 743 2312 rerum
758 2250 899 2328 nomine,
924 2267 1005 2330 quae
1020 2267 1081 2332 per
1095 2246 1239 2310 fraudem

153 2335 225 2415 fisco
240 2333 361 2398 ablatae
377 2346 452 2399 sunt
467 2337 520 2398 uel
535 2334 723 2417 professioni
734 2334 920 2420 subtractae,
940 2333 1154 2416 quadruplum
1166 2333 1241 2397 fisco

95 2424 137 2482 le
157 2418 365 2499 dependitur,
385 2423 462 2483 alias
477 2421 621 2503 duplum.
653 2419 680 2483 Α
696 2420 840 2483 debitore
855 2422 924 2485 fisci
940 2423 972 2482 in
990 2420 1135 2483 fraudem
1152 2420 1241 2483 datas

157 2501 321 2565 libertates
342 2508 460 2568 retrahi
481 2509 610 2588 placuit.
643 2526 719 2569 sanc
743 2508 848 2586 ipsum
871 2507 912 2569 ita
934 2525 1052 2586 emere,
1076 2518 1112 2569 ut
1127 2525 1241 2569 manu·-

158 2589 270 2668 mittat,
293 2599 348 2652 aut
362 2590 636 2654 fideicommissam
651 2592 829 2654 libertatem
845 2603 1009 2673 praestare
1024 2611 1087 2654 non
1104 2603 1151 2654 est
1165 2611 1242 2672 pro·
1260 2603 1292 2650 aa

95 2681 137 2741 ΞΟ
157 2673 307 2738 bibitum.
339 2675 389 2736 ab
404 2696 451 2755 eo,
473 2680 528 2757 qui
543 2697 618 2740 reus
633 2678 776 2739 criminis
791 2679 968 2758 postulatus
983 2677 1150 2740 aduersam
1165 2696 1242 2738 sen-

157 2763 287 2823 tentiam
314 2764 444 2841 meruit,
477 2773 618 2843 tempore
641 2773 748 2825 reatus
771 2781 963 2844 quocumque
989 2763 1080 2825 modo
1106 2763 1240 2824 alienata

95 2851 133 2912 24
158 2867 176 2909 a
197 2848 271 2909 fisco
294 2867 368 2919 cum
389 2846 575 2929 quadruplis
599 2847 756 2912 fructibus
777 2858 978 2911 reuocentur.
1011 2847 1241 2912 Fideiussorem

158 2934 240 3013 eius,
258 2935 314 3015 qui
330 2954 402 2996 oum
417 2934 636 3015 dispensatore
651 2937 818 3014 contraxit,
837 2931 891 3020 ipll
1113 2977 1118 3008 s

596 3107 802 3116 *-

159 3206 208 3220 VVV
211 3209 435 3223 -ιννννννκΛΛΛΛΛΛΛ
440 3209 1238 3224 Mtvumwlvwvwvwmmwvvvvwwwwmlwwvmtvwvmssss¹

229 3315 242 3360 t
257 3311 404 3376 necessse]
419 3325 469 3362 nar
481 3311 556 3378 (eelp
569 3313 611 3363 uel
621 3313 639 3363 b
648 3326 699 3375 pro
710 3313 732 3376 r)
747 3329 815 3362 *es*
827 3325 877 3378 per
893 3312 942 3372 luet
954 3325 1035 3376 mam
1043 3324 1094 3380 pro
1102 3312 1159 3376 per)
1178 3310 1216 3362 0?
1232 3307 1243 3378 ΙΙ

159 3381 357 3432 enesiuatouel
369 3381 558 3433 enseuuatoc
597 3381 608 3444 ll
649 3381 854 3445 tsententium]
869 3380 962 3432 sumt*
989 3380 1000 3444 ΙΙ
1029 3380 1175 3444 obsignari]
1191 3379 1242 3431 ob-

159 3449 339 3511 signsnarsc
378 3449 390 3512 ll
431 3451 611 3515 topponere]
632 3451 790 3515 optineret*
823 3450 835 3513 ΙΙ
874 3454 904 3499 lt
923 3449 1010 3513 riuus]
1029 3450 1102 3500 rfant
1117 3451 1241 3505 uoluunt

163 3517 388 3578 (caesarianl‘llc
415 3519 426 3584 l
454 3518 928 3584 pelluntmoatequompellunturc
967 3517 978 3581 ΙΙ
1020 3523 1047 3568 ll
1065 3519 1242 3570 iociesraout

160 3587 303 3649 regiense
330 3587 341 3650 ΙΙ
370 3587 412 3651 ss]
429 3589 454 3638 ci
470 3587 508 3639 G?
531 3587 542 3650 11
571 3587 743 3653 interemtos
756 3589 927 3641 sicrestttuo:
941 3583 1147 3651 fiseleduooalti
1161 3589 1241 3638 etiam

163 3656 252 3714 (etiam
265 3657 378 3707 onerem
394 3657 420 3718 t')
435 3660 497 3722 post
509 3657 664 3722 depositum
675 3656 796 3708 officium
809 3654 910 3722 oonltra
923 3655 1034 3706 fiscum:
1050 3656 1082 3719 of.
1099 3656 1158 3720 Die.
1174 3660 1199 3716 3,
1215 3660 1239 3718 t,

162 3728 246 3786 ltpr.
276 3723 625 3791 Coc.a,7,22§l.st§l
676 3727 687 3790 Ι]
735 3730 846 3776 luente
862 3727 1015 3790 praestatur
1031 3729 1121 3774 utrum
1138 3727 1189 3775 duo
1206 3739 1243 3774 un

158 3806 228 3842 unos
245 3793 315 3842 solus
332 3795 375 3842 cet
392 3797 470 3844 etiem
487 3796 578 3856 plores
601 3808 679 3857 quom
702 3796 752 3844 deo
774 3795 898 3844 wercede·
918 3795 1060 3855 perierint,
1085 3795 1200 3844 necetur
1232 3791 1242 3856 ll

161 3865 192 3910 2⁰
211 3860 353 3926 professio]
374 3861 506 3927 professio
522 3864 592 3914 intra
607 3864 640 3916 C·
679 3863 691 3926 ΙΙ
731 3865 878 3914 commisso
896 3864 967 3914 intra
979 3875 1006 3925 q.
1022 3862 1039 3912 l.
1054 3860 1119 3914 feeit
1130 3865 1243 3912 restituit

160 3931 301 3980 Mommsen
329 3929 340 3992 11
369 3931 538 3984 ttablalaC
561 3933 571 3996 ΙΙ
595 3931 766 3983 subtractaG
794 3932 805 3996 ll
835 3929 1068 3982 atdefenditurc
1096 3929 1107 3994 ΙΙ
1126 3929 1241 3994 .od§lt

159 3999 191 4061 cs.
208 4001 284 4050 Pauli
291 3999 447 4118 pectenatum
460 4004 484 4062 5,
500 4004 541 4060 lt,
558 3997 587 4050 ld
602 4002 657 4063 fere
675 4013 814 4052 consonam
854 4000 865 4064 ll
908 4003 938 4050 tt
957 4001 1096 4064 praestare
1114 3999 1241 4059 Huschke,

158 4071 278 4133 praestet
312 4103 314 4108 -
